@article{Jacquemin2015,
    title = {{0-0 energies using hybrid schemes: Benchmarks of TD-DFT, CIS(D), ADC(2), CC2, and BSE/GW formalisms for 80 real-life compounds}},
    year = {2015},
    journal = {J. Chem. Theory Comput.},
    author = {Jacquemin, Denis and Duchemin, Ivan and Blase, Xavier},
    number = {11},
    pages = {5340--5359},
    volume = {11},
    doi = {10.1021/acs.jctc.5b00619},
    issn = {15499626}
}

@article{Kistler2013,
    title = {{A benchmark of excitonic couplings derived from atomic transition charges}},
    year = {2013},
    journal = {J. Phys. Chem. B},
    author = {Kistler, Kurt A. and Spano, Francis C. and Matsika, Spiridoula},
    number = {7},
    pages = {2032--2044},
    volume = {117},
    isbn = {1520-6106},
    doi = {10.1021/jp310603z},
    issn = {15205207},
    pmid = {23391106}
}

@article{Ullrich2014,
    title = {{A Brief Compendium of Time-Dependent Density Functional Theory}},
    year = {2014},
    journal = {Braz. J. Phys.},
    author = {Ullrich, Carsten A and Yang, Zeng hui},
    number = {1},
    pages = {154--188},
    volume = {44},
    isbn = {0103-9733, 1678-4448},
    doi = {10.1007/s13538-013-0141-2},
    issn = {16784448},
    pmid = {6047395},
    arxivId = {1305.1388},
    keywords = {Density functional theory, Electronic excitations, Optical properties of materials, Time-dependent density functional theory}
}

@article{Valeur2011,
    title = {{A brief history of fluorescence and phosphorescence before the emergence of quantum theory}},
    year = {2011},
    journal = {J. Chem. Educ.},
    author = {Valeur, Bernard and Berberan-Santos, Mário N.},
    number = {6},
    pages = {731--738},
    volume = {88},
    isbn = {0021-9584},
    doi = {10.1021/ed100182h},
    issn = {00219584},
    keywords = {Analytical chemistry, Fluorescence spectroscopy, General public, History/philosophy, Physical chemistry, Quantitative analysis, Textbooks/reference books, Upper-division undergraduate}
}

@article{Roos1980,
    title = {{A COMPLETE ACTIVE SPACE'S{\&}amp; METHOD-(CA{\&}amp;F) U{\&}amp;G A DEiiiITY MATRM. : FORMULATED SUPER-CT APPROACH}},
    year = {1980},
    journal = {Chem. Phys.},
    author = {Roos, Bjiirn 0 and Taylor, Peter R and Siegbahn, Per E M},
    number = {990},
    pages = {1680},
    volume = {48},
    url = {https://ac-els-cdn-com.buproxy.univ-lille1.fr/0301010480800450/1-s2.0-0301010480800450-main.pdf?_tid=12c7a7dc-b76f-4b3e-b476-6fd6eeaafb26&acdnat=1535569055_5ea1423b8c8a316812e5d345547459ab}
}

@article{Swope1982,
    title = {{A computer simulation method for the calculation of equilibrium constants for the formation of physical clusters of molecules: Application to small water clusters}},
    year = {1982},
    journal = {J. Chem. Phys.},
    author = {Swope, William C. and Andersen, Hans C. and Berens, Peter H. and Wilson, Kent R.},
    number = {1},
    pages = {637--649},
    volume = {76},
    isbn = {00219606},
    doi = {10.1063/1.442716},
    issn = {00219606},
    pmid = {25246403},
    arxivId = {arXiv:1011.1669v3}
}

@article{Li2013,
    title = {{A conical intersection model to explain aggregation induced emission in diphenyl dibenzofulvene.}},
    year = {2013},
    journal = {Chem. Commun.},
    author = {Li, Quansong and Blancafort, Lluís},
    number = {53},
    pages = {5966--8},
    volume = {49},
    url = {http://www.ncbi.nlm.nih.gov/pubmed/23715286},
    isbn = {1359-7345 Unique ID: WOS:000319987600018},
    doi = {10.1039/c3cc41730a},
    issn = {1364-548X},
    pmid = {23715286}
}

@article{Bearpark1994,
    title = {{A direct method for the location of the lowest energy point on a potential surface crossing}},
    year = {1994},
    journal = {Chemical Physics Letters},
    author = {Bearpark, Michael J. and Robb, Michael A. and Bernhard Schlegel, H.},
    number = {3},
    pages = {269--274},
    volume = {223},
    isbn = {0009-2614},
    doi = {10.1016/0009-2614(94)00433-1},
    issn = {00092614}
}

@article{Chen2016,
    title = {{A naked eye colorimetric sensor for alcohol vapor discrimination and amplified spontaneous emission (ASE) from a highly fluorescent excited-state intramolecular proton transfer (ESIPT) molecule}},
    year = {2016},
    journal = {J. Mater. Chem. C},
    author = {Chen, Ling and Yin, Shao Yun and Pan, Mei and Wu, Kai and Wang, Hai Ping and Fan, Ya Nan and Su, Cheng Yong},
    number = {29},
    pages = {6962--6966},
    volume = {4},
    publisher = {Royal Society of Chemistry},
    doi = {10.1039/c6tc01308b},
    issn = {20507526}
}

@article{Shen2012,
    title = {{A new fluorometric turn-on detection of l-lactic acid based on the cascade enzymatic and chemical reactions and the abnormal fluorescent behavior of silole}},
    year = {2012},
    journal = {Org. Lett.},
    author = {Shen, Xiang and Zhang, Guanxin and Zhang, Deqing},
    number = {7},
    pages = {1744--1747},
    volume = {14},
    isbn = {1523-7060},
    doi = {10.1021/ol300344q},
    issn = {15237060},
    pmid = {22443585}
}

@article{KumarKonidena2017,
    title = {{A new molecular design based on hybridized local and charge transfer fluorescence for highly efficient ({\&}gt;6{\%}) deep-blue organic light emitting diodes}},
    year = {2017},
    journal = {Chem. Commun.},
    author = {Kumar Konidena, Rajendra and Justin Thomas, K. R. and Kumar Dubey, Deepak and Sahoo, Snehasis and Jou, Jwo-Huei},
    number = {86},
    pages = {11802--11805},
    volume = {53},
    publisher = {Royal Society of Chemistry},
    url = {http://xlink.rsc.org/?DOI=C7CC07139F},
    doi = {10.1039/C7CC07139F},
    issn = {1359-7345}
}

@article{Byun1999,
    title = {{A new ONIOM implementation in Gaussian98 . Part I . The calculation of energies , gradients , vibrational frequencies and electric field derivatives ଝ}},
    year = {1999},
    journal = {J. Mol. Struct. THEOCHEM},
    author = {Dapprich, Stefan and Komaromi, Istvan and Byun, K. Suzie and Morokuma, Keiji and Frisch, Michael J.},
    pages = {1--21},
    volume = {462},
    keywords = {ab initio methods, corresponding author, dedicated to professor keiji, e-mail, edu, emory, energy gradients, fax, his 65th birthday, molecular properties, morokuma, morokuma in celebration of, oniom, q 1 404 7272180, q 1 404 7276586, tel}
}

@article{Byun1999b,
    title = {{A new ONIOM implementation in Gaussian98 . Part I . The calculation of energies , gradients , vibrational frequencies and electric field derivatives ଝ}},
    year = {1999},
    journal = {J. Mol. Struct.: THEOCHEM},
    author = {Dapprich, Stefan and Komaromi, Istvan and Byun, K. Suzie and Morokuma, Keiji and Frisch, Michael J.},
    pages = {1--21},
    volume = {462},
    keywords = {ab initio methods, corresponding author, dedicated to professor keiji, e-mail, edu, emory, energy gradients, fax, his 65th birthday, molecular properties, morokuma, morokuma in celebration of, oniom, q 1 404 7272180, q 1 404 7276586, tel}
}

@article{Spackman1997,
    title = {{A novel definition of a molecule in a crystal}},
    year = {1997},
    journal = {Chem. Phs. Lett.},
    author = {Spackman, Mark A. and Byrom, Patrick G.},
    number = {3-4},
    pages = {215--220},
    volume = {267},
    url = {http://linkinghub.elsevier.com/retrieve/pii/S0009261497001000},
    doi = {10.1016/S0009-2614(97)00100-0},
    issn = {00092614}
}

@article{Reimers2001,
    title = {{A Practical Method for the Use of Curvilinear Coordinates in Calculations of Normal-Mode-Projected Displacements and Duschinsky Rotation Matrices for Large Molecules}},
    year = {2001},
    journal = {J. Chem. Phys.},
    author = {Reimers, J. R.},
    number = {20},
    pages = {9103--9109},
    volume = {115},
    isbn = {0021-9606},
    doi = {10.1063/1.1412875},
    issn = {00219606}
}

@article{Song2014,
    title = {{A Ratiometric Fluorescent Probe Based on ESIPT and AIE Processes for Alkaline Phosphatase Activity Assay and Visualization in Living Cells.}},
    year = {2014},
    journal = {ACS Appl. Mater. Interfaces},
    author = {Song, Zhegang and Kwok, Ryan T K and Zhao, Engui and He, Zikai and Hong, Yuning and Lam, Jacky W Y and Liu, Bin and Tang, Ben Zhong},
    number = {19},
    pages = {17245--54},
    volume = {6},
    url = {http://www.ncbi.nlm.nih.gov/pubmed/25208827},
    doi = {10.1021/am505150d},
    issn = {1944-8252},
    pmid = {25208827},
    keywords = {aggregation-induced emission, alkaline phosphatase, bioprobe, esipt, ratiometric fl uorescent probe}
}

@article{Cornell1995,
    title = {{A second generation force field for the simulation of proteins, nucleic acids, and organic molecules}},
    year = {1995},
    journal = {J. Am. Chem. Soc.},
    author = {Cornell, Wendy D. and Cieplak, Piotr and Bayly, Christopher I. and Gould, Ian R. and Merz, Kenneth M. and Ferguson, David M. and Spellmeyer, David C. and Fox, Thomas and Caldwell, James W. and Kollman, Peter A.},
    number = {19},
    pages = {5179--5197},
    volume = {117},
    isbn = {0120261464},
    doi = {10.1021/ja00124a002},
    issn = {00027863},
    pmid = {14601413},
    arxivId = {z0024}
}

@article{Cornell1995b,
    title = {{A second generation force field for the simulation of proteins, nucleic acids, and organic molecules}},
    year = {1995},
    journal = {J. Am. Chem. Soc.},
    author = {Cornell, Wendy D. and Cieplak, Piotr and Bayly, Christopher I. and Gould, Ian R. and Merz, Kenneth M. and Ferguson, David M. and Spellmeyer, David C. and Fox, Thomas and Caldwell, James W. and Kollman, Peter A.},
    number = {19},
    pages = {5179--5197},
    volume = {117},
    isbn = {0120261464},
    doi = {10.1021/ja00124a002},
    issn = {00027863},
    pmid = {14601413},
    arxivId = {z0024}
}

@article{Bruckner2016,
    title = {{A theoretical description of charge reorganization energies in molecular organic P-type semiconductors}},
    year = {2016},
    journal = {J. Comput. Chem.},
    author = {Br{\"{u}}ckner, Charlotte and Engels, Bernd},
    number = {15},
    month = {6},
    pages = {1335--1344},
    volume = {37},
    url = {http://doi.wiley.com/10.1002/jcc.24325},
    doi = {10.1002/jcc.24325},
    issn = {01928651},
    pmid = {27059122},
    keywords = {DFT benchmark, IP-EOM-CCSD, IP-tuning, organic molecular semiconductors}
}

@article{Bruckner2016b,
    title = {{A theoretical description of charge reorganization energies in molecular organic P-type semiconductors}},
    year = {2016},
    journal = {Journal of Computational Chemistry},
    author = {Br{\"{u}}ckner, Charlotte and Engels, Bernd},
    number = {15},
    pages = {1335--1344},
    volume = {37},
    doi = {10.1002/jcc.24325},
    issn = {1096987X},
    pmid = {27059122},
    keywords = {DFT benchmark, IP-EOM-CCSD, IP-tuning, organic molecular semiconductors}
}

@article{Park2009,
    title = {{A white-light-emitting molecule: Frustrated energy transfer between constituent emitting centers}},
    year = {2009},
    journal = {J. Am. Chem. Soc.},
    author = {Park, Sanghyuk and Ji, Eon Kwon and Se, Hun Kim and Seo, Jangwon and Chung, Kyeongwoon and Park, Sun Young and Jang, Du Jeon and Medina, Begoña Milián and Gierschner, Johannes and Soo, Young Park},
    number = {39},
    pages = {14043--14049},
    volume = {131},
    isbn = {0002-7863},
    doi = {10.1021/ja902533f},
    issn = {00027863},
    pmid = {19480450}
}

@article{Park2009b,
    title = {{A white-light-emitting molecule: Frustrated energy transfer between constituent emitting centers}},
    year = {2009},
    journal = {J. Am. Chem. Soc.},
    author = {Park, Sanghyuk and Ji, Eon Kwon and Se, Hun Kim and Seo, Jangwon and Chung, Kyeongwoon and Park, Sun Young and Jang, Du Jeon and Medina, Begoña Milián and Gierschner, Johannes and Soo, Young Park},
    number = {39},
    pages = {14043--14049},
    volume = {131},
    isbn = {0002-7863},
    doi = {10.1021/ja902533f},
    issn = {00027863},
    pmid = {19480450}
}

@article{Yuan2013,
    title = {{A {$\pi$}-conjugated system with flexibility and rigidity that shows environment-dependent RGB luminescence}},
    year = {2013},
    journal = {J. Am. Chem. Soc.},
    author = {Yuan, Chunxue and Saito, Shohei and Camacho, Cristopher and Irle, Stephan and Hisaki, Ichiro and Yamaguchi, Shigehiro},
    number = {24},
    pages = {8842--8845},
    volume = {135},
    isbn = {0002-7863},
    doi = {10.1021/ja404198h},
    issn = {00027863},
    pmid = {23721361}
}

@article{Klintenberg2000,
    title = {{Accurate crystal fields for embedded cluster calculations}},
    year = {2000},
    journal = {Comput. Phys. Commun.},
    author = {Klintenberg, M. and Derenzo, S. E. and Weber, M. J.},
    number = {1},
    pages = {120--128},
    volume = {131},
    isbn = {0898713455},
    doi = {10.1016/S0010-4655(00)00071-0},
    issn = {00104655},
    keywords = {crystal field potential, embedded cluster calculation, ewald potential}
}

@article{Kwon2011,
    title = {{Advanced organic optoelectronic materials: Harnessing excited-state intramolecular proton transfer (ESIPT) process}},
    year = {2011},
    journal = {Adv. Mater.},
    author = {Kwon, Ji Eon and Park, Soo Young},
    number = {32},
    pages = {3615--3642},
    volume = {23},
    doi = {10.1002/adma.201102046},
    issn = {09359648},
    pmid = {21780312},
    keywords = {excited-state intramolecular proton transfer, fluorescence, imaging, organic optoelectronics, sensor}
}

@article{Wu2014,
    title = {{Aggregation induced blue-shifted emission--the molecular picture from a QM/MM study.}},
    year = {2014},
    journal = {Phys. Chem. Chem. Phys.},
    author = {Wu, Qunyan and Zhang, Tian and Peng, Qian and Wang, Dong and Shuai, Zhigang},
    number = {12},
    pages = {5545--52},
    volume = {16},
    url = {http://www.ncbi.nlm.nih.gov/pubmed/24509542},
    doi = {10.1039/c3cp54910k},
    issn = {1463-9084},
    pmid = {24509542}
}

@article{Yin2006,
    title = {{Aggregation-enhanced luminescence and vibronic coupling of silole molecules from first principles}},
    year = {2006},
    journal = {Phys. Rev. B},
    author = {Yin, Shiwei and Peng, Qian and Shuai, Z. and Fang, Weihai and Wang, Yan Hua and Luo, Yi},
    number = {20},
    pages = {1--5},
    volume = {73},
    isbn = {1098-0121},
    doi = {10.1103/PhysRevB.73.205409},
    issn = {10980121}
}

@article{Hong2011,
    title = {{Aggregation-induced emission}},
    year = {2011},
    journal = {Chem. Soc. Rev.},
    author = {Hong, Yuning and Lam, Jacky W. Y. and Tang, Ben Zhong},
    number = {11},
    pages = {5361},
    volume = {40},
    url = {http://xlink.rsc.org/?DOI=c1cs15113d},
    isbn = {0306-0012},
    doi = {10.1039/c1cs15113d},
    issn = {0306-0012},
    pmid = {21799992}
}

@article{Sun2015a,
    title = {{Aggregation-induced emission mechanism of dimethoxy-tetraphenylethylene in water solution: Molecular dynamics and QM/MM investigations}},
    year = {2015},
    journal = {J. Chem. Theory Comput.},
    author = {Sun, Guangxu and Zhao, Yi and Liang, Wan Zhen},
    number = {5},
    pages = {2257--2267},
    volume = {11},
    doi = {10.1021/ct5009312},
    issn = {15499626},
    pmid = {26574424}
}

@article{Luo2001,
    title = {{Aggregation-induced emission of 1-methyl-1,2,3,4,5-pentaphenylsilole}},
    year = {2001},
    journal = {Chem. Comm},
    author = {Luo, Jingdong and Xie, Zhiliang and Xie, Zhiliang and Lam, Jacky W.Y. and Cheng, Lin and Chen, Haiying and Qiu, Chengfeng and Kwok, Hoi Sing and Zhan, Xiaowei and Liu, Yunqi and Zhu, Daoben and Tang, Ben Zhong and Tang, Ben Zhong and Tang, Ben Zhong},
    pages = {1740--1741},
    volume = {18},
    isbn = {1359-7345 (Print){\textbackslash}r1359-7345 (Linking)},
    doi = {10.1039/b105159h},
    issn = {13597345},
    pmid = {12240292}
}

@article{Chan2014,
    title = {{Aggregation-induced emission, mechanochromism and blue electroluminescence of carbazole and triphenylamine-substituted ethenes}},
    year = {2014},
    journal = {J. Mater. Chem. C},
    author = {Chan, Carrie Y.K. and Lam, Jacky W.Y. and Zhao, Zujin and Chen, Shuming and Lu, Ping and Sung, Herman H.Y. and Kwok, Hoi Sing and Ma, Yuguang and Williams, Ian D. and Tang, Ben Zhong},
    number = {21},
    pages = {4320--4327},
    volume = {2},
    doi = {10.1039/c4tc00097h},
    issn = {20507526}
}

@article{Tong2007,
    title = {{Aggregation-induced emission: Effects of molecular structure, solid-state conformation, and morphological packing arrangement on light-emitting behaviors of diphenyldibenzofulvene derivatives}},
    year = {2007},
    journal = {J. Phys. Chem. C},
    author = {Tong, Hui and Dong, Yongqiang and Hong, Yuning and Haussier, Matthias and Lam, Jacky W Y and Sung, Herman H Y and Yu, Xiaoming and Sun, Jiaxin and Williams, Ian D. and Kwok, Hoi Sing and Tang, Ben Zhong},
    number = {5},
    pages = {2287--2294},
    volume = {111},
    isbn = {1932-7447},
    doi = {10.1021/jp0630828},
    issn = {19327447}
}

@article{Hong2009,
    title = {{Aggregation-induced emission: phenomenon, mechanism and applications}},
    year = {2009},
    journal = {Chem. Commun.},
    author = {Hong, Yuning and Lam, Jacky W. Y. and Tang, Ben Zhong},
    number = {29},
    pages = {4332},
    url = {http://xlink.rsc.org/?DOI=b904665h},
    doi = {10.1039/b904665h},
    issn = {1359-7345}
}

@article{Mei2014,
    title = {{Aggregation-Induced Emission: The Whole Is More Brilliant than the Parts}},
    year = {2014},
    journal = {Adv. Mater.},
    author = {Mei, Ju and Hong, Yuning and Lam, Jacky W. Y. and Qin, Anjun and Tang, Youhong and Tang, Ben Zhong},
    number = {31},
    pages = {5429--5479},
    volume = {26},
    url = {http://doi.wiley.com/10.1002/adma.201401356},
    doi = {10.1002/adma.201401356},
    issn = {09359648}
}

@article{Mei2015,
    title = {{Aggregation-Induced Emission: Together We Shine, United We Soar!}},
    year = {2015},
    journal = {Chem. Rev.},
    author = {Mei, Ju and Leung, Nelson L C and Kwok, Ryan T K and Lam, Jacky W Y and Tang, Ben Zhong},
    number = {21},
    pages = {11718--11940},
    volume = {115},
    isbn = {1520-6890 (Electronic){\textbackslash}r0009-2665 (Linking)},
    doi = {10.1021/acs.chemrev.5b00263},
    issn = {15206890},
    pmid = {26492387}
}

@article{Dong2007,
    title = {{Aggregation-induced emissions of tetraphenylethene derivatives and their utilities as chemical vapor sensors and in organic light-emitting diodes}},
    year = {2007},
    journal = {Appl. Phys. Lett.},
    author = {Dong, Yongqiang and Lam, Jacky W. Y. and Qin, Anjun and Liu, Jianzhao and Li, Zhen and Tang, Ben Zhong and Sun, Jiaxin and Kwok, Hoi Sing},
    number = {1},
    month = {7},
    pages = {011111},
    volume = {91},
    url = {http://aip.scitation.org/doi/10.1063/1.2753723},
    isbn = {0003-6951},
    doi = {10.1063/1.2753723},
    issn = {0003-6951}
}

@article{Hu2014,
    title = {{AIE macromolecules: Syntheses, structures and functionalities}},
    year = {2014},
    journal = {Chem. Soc. Rev.},
    author = {Hu, Rongrong and Leung, Nelson L.C. and Tang, Ben Zhong},
    number = {13},
    pages = {4494--4562},
    volume = {43},
    isbn = {0306-0012},
    doi = {10.1039/c4cs00044g},
    issn = {14604744},
    pmid = {24733611}
}

@article{Chen2018,
    title = {{Amino proton donors in excited-state intramolecular proton-transfer reactions}},
    year = {2018},
    journal = {Nat. Rev. Chem.},
    author = {Chen, Chi-Lin and Chen, Yi-Ting and Demchenko, Alexander P. and Chou, Pi-Tai},
    number = {7},
    pages = {131--143},
    volume = {2},
    publisher = {Springer US},
    url = {http://www.nature.com/articles/s41570-018-0020-z},
    doi = {10.1038/s41570-018-0020-z},
    issn = {2397-3358}
}

@article{Chmeliov2015,
    title = {{An 'all pigment' model of excitation quenching in LHCII}},
    year = {2015},
    journal = {Phys. Chem. Chem. Phys.},
    author = {Chmeliov, Jevgenij and Bricker, William P. and Lo, Cynthia and Jouin, Elodie and Valkunas, Leonas and Ruban, Alexander V. and Duffy, Christopher D.P.},
    number = {24},
    pages = {15857--15867},
    volume = {17},
    publisher = {Royal Society of Chemistry},
    url = {http://dx.doi.org/10.1039/C5CP01905B},
    doi = {10.1039/c5cp01905b},
    issn = {14639076},
    pmid = {26017055}
}

@article{Li2017a,
    title = {{An aggregation-induced emissive NIR luminescent based on ESIPT and TICT mechanisms and its application to the detection of Cys}},
    year = {2017},
    journal = {J. Mol. Struct.},
    author = {Li, Renjie and Yan, Liqiang and Wang, Zhongwei and Qi, Zhengjian},
    pages = {1--6},
    volume = {1136},
    publisher = {Elsevier B.V},
    url = {http://linkinghub.elsevier.com/retrieve/pii/S0022286017301205},
    doi = {10.1016/j.molstruc.2017.01.077},
    issn = {00222860},
    keywords = {near-infrared emission}
}

@article{Liu2018,
    title = {{An AIE + ESIPT ratiometric fluorescent probe for monitoring sulfur dioxide with distinct ratiometric fluorescence signals in mammalian cells, mouse embryonic fibroblast and zebrafish}},
    year = {2018},
    journal = {J. Mater. Chem. B.},
    author = {Liu, Yong and Nie, Jing and Niu, Jie and Wang, Weishan and Lin, Weiying},
    number = {13},
    pages = {1973--1983},
    volume = {6},
    publisher = {Royal Society of Chemistry},
    doi = {10.1039/c8tb00075a},
    issn = {2050750X}
}

@article{Trofimov1995,
    title = {{An efficient polarization propagator approach to valence electron excitation spectra}},
    year = {1995},
    journal = {J. Phys. B: At., Mol. Opt. Phys.},
    author = {Trofimov, A B and Schirmer, J},
    number = {12},
    pages = {2299},
    volume = {28},
    url = {http://stacks.iop.org/0953-4075/28/i=12/a=003}
}

@article{Sakai2016,
    title = {{An ESIPT fluorophore with a switchable intramolecular hydrogen bond for applications in solid-state fluorochromism and white light generation}},
    year = {2016},
    journal = {J. Mater. Chem. C},
    author = {Sakai, Ken Ichi and Tsuchiya, Saki and Kikuchi, Takemitsu and Akutagawa, Tomoyuki},
    number = {10},
    pages = {2011--2016},
    volume = {4},
    publisher = {Royal Society of Chemistry},
    doi = {10.1039/c5tc04290a},
    issn = {20507526}
}

@article{Tang2018a,
    title = {{An ESIPT-based mitochondria-targeted ratiometric and NIR-emitting fluorescent probe for hydrogen peroxide and its bioimaging in living cells}},
    year = {2018},
    journal = {Dyes Pigm.},
    author = {Tang, Lijun and Tian, Mingyu and Chen, Haibo and Yan, Xiaomei and Zhong, Keli and Bian, Yanjiang},
    number = {December 2017},
    pages = {482--489},
    volume = {158},
    publisher = {Elsevier},
    url = {https://doi.org/10.1016/j.dyepig.2017.12.028},
    doi = {10.1016/j.dyepig.2017.12.028},
    issn = {18733743},
    keywords = {Cell imaging, ESIPT, Hydrogen peroxide, Mitochondria, NIR-Emitting, Ratiometric}
}

@article{Dallos2004,
    title = {{Analytic evaluation of nonadiabatic coupling terms at the MR-CI level. II. Minima on the crossing seam: Formaldehyde and the photodimerization of ethylene}},
    year = {2004},
    journal = {J. Chem. Phys.},
    author = {Dallos, Michal and Lischka, Hans and Shepard, Ron and Yarkony, David R. and Szalay, Péter G.},
    number = {16},
    month = {4},
    pages = {7330--7339},
    volume = {120},
    url = {http://aip.scitation.org/doi/10.1063/1.1668631},
    isbn = {0021-9606 (Print){\textbackslash}n0021-9606 (Linking)},
    doi = {10.1063/1.1668631},
    issn = {0021-9606},
    pmid = {15267643}
}

@article{Kohn2003,
    title = {{Analytic gradients for excited states in the coupled-cluster model CC2 employing the resolution-of-the-identity approximation}},
    year = {2003},
    journal = {J. Chem. Phys.},
    author = {K{\"{o}}hn, Andreas and H{\"{a}}ttig, Christof},
    number = {10},
    pages = {5021--5036},
    volume = {119},
    doi = {10.1063/1.1597635},
    issn = {00219606}
}

@article{Rappe2007,
    title = {{APT a Next Generation QM-Based Reactive Force Field Model}},
    year = {2007},
    journal = {Mol. Phys.},
    author = {Rapp{\'{e}}, A. K. and Bormann-Rochotte, L. M. and Wiser, D. C. and Hart, J. R. and Pietsch, M. A. and Casewit, C. J. and Skiff, W. M.},
    number = {2-3},
    pages = {301--324},
    volume = {105},
    isbn = {0026-8976},
    doi = {10.1080/00268970701201106},
    issn = {00268976},
    pmid = {24404705}
}

@article{Tuna2015,
    title = {{Assessment of Approximate Coupled-Cluster and Algebraic-Diagrammatic-Construction Methods for Ground- and Excited-State Reaction Paths and the Conical-Intersection Seam of a Retinal-Chromophore Model}},
    year = {2015},
    journal = {J. Chem. Theory Comput.},
    author = {Tuna, Deniz and Lefrancois, Daniel and Wolanski, Lukasz and Gozem, Samer and Schapiro, Igor and Andruniow, Tadeusz and Dreuw, Andreas and Olivucci, Massimo},
    number = {12},
    pages = {5758--5781},
    volume = {11},
    isbn = {1549-9618},
    doi = {10.1021/acs.jctc.5b00022},
    issn = {15499626}
}

@article{Stein2016,
    title = {{Automated Selection of Active Orbital Spaces}},
    year = {2016},
    journal = {J. Chem. Theory Comput.},
    author = {Stein, Christopher J. and Reiher, Markus},
    number = {4},
    pages = {1760--1771},
    volume = {12},
    doi = {10.1021/acs.jctc.6b00156},
    issn = {15499626},
    pmid = {26959891},
    arxivId = {1602.03835}
}

@article{Bao2018,
    title = {{Automatic Selection of an Active Space for Calculating Electronic Excitation Spectra by MS-CASPT2 or MC-PDFT}},
    year = {2018},
    journal = {J. Chem. Theory Comput.},
    author = {Bao, Jie J. and Dong, Sijia S. and Gagliardi, Laura and Truhlar, Donald G.},
    number = {4},
    pages = {2017--2025},
    volume = {14},
    doi = {10.1021/acs.jctc.8b00032},
    issn = {15499626},
    pmid = {29486125}
}

@article{Weigend2005,
    title = {{Balanced basis sets of split valence, triple zeta valence and quadruple zeta valence quality for H to Rn: Design and assessment of accuracy}},
    year = {2005},
    journal = {Phys. Chem. Chem. Phys.},
    author = {Weigend, Florian and Ahlrichs, Reinhart},
    number = {18},
    pages = {3297},
    volume = {7},
    url = {http://dx.doi.org/10.1039/b508541a http://xlink.rsc.org/?DOI=b508541a},
    doi = {10.1039/b508541a},
    issn = {1463-9076},
    pmid = {16240044},
    keywords = {Algorithms, Chemical, Chemistry, Hydrogen, Models, Oxidation-Reduction, Physical, Physicochemical Phenomena, Quantum Theory, Radon, Rubidium, chemistry}
}

@article{Worth2004,
    title = {{BEYOND BORN-OPPENHEIMER: Molecular Dynamics Through a Conical Intersection}},
    year = {2004},
    journal = {Annu. Rev. Phys. Chem.},
    author = {Worth, Graham a and Cederbaum, Lorenz S},
    number = {1},
    month = {6},
    pages = {127--158},
    volume = {55},
    url = {http://www.annualreviews.org/doi/10.1146/annurev.physchem.55.091602.094335},
    isbn = {0066-426X},
    doi = {10.1146/annurev.physchem.55.091602.094335},
    issn = {0066-426X},
    pmid = {15117250},
    keywords = {and chemistry, and nuclei may, diabatic, for example, in many areas of, lead, nonadiabatic dynamics, photochemistry, physics, play an important role, s abstract nonadiabatic effects, states, the coupling between electrons, ultrafast processes, vibronic coupling}
}

@article{Kwok2015,
    title = {{Biosensing by luminogens with aggregation-induced emission characteristics}},
    year = {2015},
    journal = {Chem. Soc. Rev.},
    author = {Kwok, Ryan T K and Leung, Chris W T and Lam, Jacky W. Y. and Tang, Ben Zhong},
    number = {13},
    pages = {4228--4238},
    volume = {44},
    publisher = {Royal Society of Chemistry},
    url = {http://dx.doi.org/10.1039/C4CS00325J http://xlink.rsc.org/?DOI=C4CS00325J},
    doi = {10.1039/C4CS00325J},
    issn = {0306-0012}
}

@article{Huang2014a,
    title = {{Blue Aggregation-Induced Emission Luminogens: High External Quantum Efficiencies Up to 3.99{\%} in LED Device, and Restriction of the Conjugation Length through Rational Molecular Design}},
    year = {2014},
    journal = {Adv. Funct. Mater.},
    author = {Huang, Jing and Sun, Ning and Yang, Jie and Tang, Runli and Li, Qianqian and Ma, Dongge and Li, Zhen},
    number = {48},
    month = {12},
    pages = {7645--7654},
    volume = {24},
    url = {http://doi.wiley.com/10.1002/adfm.201401867},
    doi = {10.1002/adfm.201401867},
    issn = {1616301X},
    keywords = {Aggregation induced emission, Blue emitters, Intramolecular twisting}
}

@article{Hirshfeld1977,
    title = {{Bonded-atom fragments for describing molecular charge densities}},
    year = {1977},
    journal = {Theor. Chim. Acta.},
    author = {Hirshfeld, F. L.},
    number = {2},
    pages = {129--138},
    volume = {44},
    isbn = {1432-881X},
    doi = {10.1007/BF00549096},
    issn = {00405744},
    keywords = {Bonded atoms, Dipole moments, Electron density, Populations}
}

@article{Weber2010,
    title = {{Calculation of NMR parameters in ionic solids by an improved self-consistent embedded cluster method.}},
    year = {2010},
    journal = {Phys. Chem. Chem. Phys.},
    author = {Weber, Johannes and Schmedt Auf der G{\"{u}}nne, Jörn},
    number = {3},
    pages = {583--603},
    volume = {12},
    isbn = {1463-9076},
    doi = {10.1039/b909870d},
    issn = {1463-9076},
    pmid = {20066345}
}

@article{Faraji2018,
    title = {{Calculations of non-adiabatic couplings within equation-of-motion coupled-cluster framework: Theory, implementation, and validation against multi-reference methods}},
    year = {2018},
    journal = {J. Chem. Phys.},
    author = {Faraji, Shirin and Matsika, Spiridoula and Krylov, Anna I.},
    number = {4},
    month = {1},
    pages = {044103},
    volume = {148},
    url = {http://aip.scitation.org/doi/10.1063/1.5009433},
    doi = {10.1063/1.5009433},
    issn = {0021-9606}
}

@article{Hattig2000,
    title = {{CC2 excitation energy calculations on large molecules using the resolution of the identity approximation}},
    year = {2000},
    journal = {J. Chem. Phys.},
    author = {H{\"{a}}ttig, Christof and Weigend, Florian},
    number = {13},
    pages = {5154--5161},
    volume = {113},
    isbn = {0021-9606},
    doi = {10.1063/1.1290013},
    issn = {00219606}
}

@article{Yuan2010a,
    title = {{Changing the Behavior of Chromophores from Aggregation-Caused Quenching to Aggregation-Induced Emission: Development of Highly Efficient Light Emitters in the Solid State}},
    year = {2010},
    journal = {Adv. Mater.},
    author = {Yuan, Wang Zhang and Lu, Ping and Chen, Shuming and Lam, Jacky W. Y. and Wang, Zhiming and Liu, Yang and Kwok, Hoi Sing and Ma, Yuguang and Tang, Ben Zhong},
    number = {19},
    month = {3},
    pages = {2159--2163},
    volume = {22},
    url = {http://doi.wiley.com/10.1002/adma.200904056},
    isbn = {09359648{\textbackslash}n15214095},
    doi = {10.1002/adma.200904056},
    issn = {09359648},
    pmid = {20564253}
}

@article{Kasha1950,
    title = {{Characterization of electronic transitions in complex molecules}},
    year = {1950},
    journal = {Discuss. Faraday Soc.},
    author = {Kasha, B Y Michael},
    number = {c},
    pages = {14--19},
    volume = {9},
    isbn = {0366-9033},
    doi = {10.1039/df9500900014},
    issn = {0366-9033}
}

@article{Bredas2004,
    title = {{Charge-Transfer and Energy-Transfer Processes in {$\pi$}-Conjugated Oligomers and Polymers: A Molecular Picture}},
    year = {2004},
    journal = {Chem. Rev.},
    author = {Br{\'{e}}das, Jean-Luc and Beljonne, David and Coropceanu, Veaceslav and Cornil, Jérôme},
    number = {11},
    month = {11},
    pages = {4971--5004},
    volume = {104},
    url = {http://pubs.acs.org/doi/abs/10.1021/cr040084k},
    isbn = {0009-2665},
    doi = {10.1021/cr040084k},
    issn = {0009-2665},
    pmid = {15535639},
    arxivId = {http://cactus.nci.nih.gov/download/nci/}
}

@article{Kuritz2011,
    title = {{Charge-transfer-like {$\pi$}→{$\pi$}* excitations in time-dependent density functional theory: A conundrum and its solution}},
    year = {2011},
    journal = {J. Chem. Theory Comput.},
    author = {Kuritz, Natalia and Stein, Tamar and Baer, Roi and Kronik, Leeor},
    number = {8},
    pages = {2408--2415},
    volume = {7},
    isbn = {1549-9618},
    doi = {10.1021/ct2002804},
    issn = {15499618},
    pmid = {26606616}
}

@article{Thomas2007,
    title = {{Chemical sensors based on amplifying fluorescent conjugated polymers}},
    year = {2007},
    journal = {Chem. Rev.},
    author = {Thomas, Samuel W. and Joly, Guy D. and Swager, Timothy M.},
    number = {4},
    pages = {1339--1386},
    volume = {107},
    isbn = {0009-2665},
    doi = {10.1021/cr0501339},
    issn = {00092665},
    pmid = {17385926}
}

@article{Vreven2006,
    title = {{Combining quantum mechanics methods with molecular mechanics methods in ONIOM}},
    year = {2006},
    journal = {J. Chem. Theory Comput.},
    author = {Vreven, Thom and Byun, K. Suzie and Kom{\'{a}}romi, István and Dapprich, Stefan and Montgomery, John A. and Morokuma, Keiji and Frisch, Michael J.},
    number = {3},
    pages = {815--826},
    volume = {2},
    isbn = {1549-9618},
    doi = {10.1021/ct050289g},
    issn = {15499618},
    pmid = {25246403},
    arxivId = {arXiv:1011.1669v3}
}

@article{Cheng2015f,
    title = {{Comprehensive studies on excited-state proton transfer of a series of 2-(2′-Hydroxyphenyl)benzothiazole derivatives: Synthesis, optical properties, and theoretical calculations}},
    year = {2015},
    journal = {J. Phys. Chem. C.},
    author = {Cheng, Jinling and Liu, Di and Li, Wei and Bao, Lijun and Han, Keli},
    number = {8},
    pages = {4242--4251},
    volume = {119},
    doi = {10.1021/jp511578v},
    issn = {19327455}
}

@book{Young2001,
    title = {{Computational Chemistry: A Practical Guide for Applying Techniques to Real World Problems}},
    year = {2001},
    author = {Young, David},
    publisher = {Wiley-Interscience},
    address = {New York}
}

@article{Shuai2014c,
    title = {{Computational evaluation of optoelectronic properties for organic/carbon materials}},
    year = {2014},
    journal = {Acc. Chem. Res.},
    author = {Shuai, Zhigang and Wang, Dong and Peng, Qian and Geng, Hua},
    number = {11},
    pages = {3301--3309},
    volume = {47},
    isbn = {1520-4898 (Electronic) 0001-4842 (Linking)},
    doi = {10.1021/ar400306k},
    issn = {15204898},
    pmid = {24702037}
}

@book{Domcke2011,
    title = {{Conical Intersections}},
    year = {2011},
    booktitle = {Advanced Series in Physical Chemistry},
    author = {Domcke, Wolfgang and Yarkony, David R and K{\"{o}}ppel, Horst},
    month = {11},
    series = {Advanced Series in Physical Chemistry},
    volume = {17},
    publisher = {World Scientific Publishing Co Pte Ltd},
    url = {https://www.worldscientific.com/worldscibooks/10.1142/7803},
    isbn = {978-981-4313-44-5},
    doi = {10.1142/7803}
}

@article{Levine2006a,
    title = {{Conical intersections and double excitations in time-dependent density functional theory}},
    year = {2006},
    journal = {Mol. Phys.},
    author = {Levine, Benjamin G. and Ko, Chaehyuk and Quenneville, Jason and Mart{\'{i}}nez, Todd J.},
    number = {5-7},
    month = {3},
    pages = {1039--1051},
    volume = {104},
    url = {http://www.tandfonline.com/doi/abs/10.1080/00268970500417762},
    isbn = {0026897050041},
    doi = {10.1080/00268970500417762},
    issn = {0026-8976}
}

@article{Huang2014,
    title = {{Construction of efficient blue AIE emitters with triphenylamine and TPE moieties for non-doped OLEDs}},
    year = {2014},
    journal = {J. Mater. Chem. C},
    author = {Huang, Jing and Jiang, Yibin and Yang, Jie and Tang, Runli and Xie, Ni and Li, Qianqian and Kwok, Hoi Sing and Tang, Ben Zhong and Li, Zhen},
    number = {11},
    pages = {2028--2036},
    volume = {2},
    doi = {10.1039/c3tc32207f},
    issn = {20507534}
}

@article{Zhang2016b,
    title = {{Control of the Reversibility of Excited-State Intramolecular Proton Transfer (ESIPT) Reaction: Host-Polarity Tuning White Organic Light Emitting Diode on a New Thiazolo[5,4- d ]thiazole ESIPT System}},
    year = {2016},
    journal = {Chem. Mater.},
    author = {Zhang, Zhiyun and Chen, Yi-An and Hung, Wen-Yi and Tang, Wei-Feng and Hsu, Yen-Hao and Chen, Chi-Lin and Meng, Fan-Yi and Chou, Pi-Tai},
    number = {23},
    month = {12},
    pages = {8815--8824},
    volume = {28},
    url = {http://pubs.acs.org/doi/10.1021/acs.chemmater.6b04707},
    doi = {10.1021/acs.chemmater.6b04707},
    issn = {0897-4756}
}

@article{Peng2013,
    title = {{Correlation Function Formalism for Triplet Excited State Decay: Combined Spin-Orbit and Nonadiabatic Couplings}},
    year = {2013},
    journal = {J. Chem. Theory Comput.},
    author = {Peng, Qian and Niu, Yingli and Shi, Qinghua and Gao, Xing and Shuai, Zhigang},
    number = {2},
    pages = {1132--1143},
    volume = {9},
    isbn = {1549-9618},
    doi = {10.1021/ct300798t},
    issn = {15499618}
}

@article{Paldus1972,
    title = {{Correlation problems in atomic and molecular systems. IV. Extended coupled-pair many-electron theory and its application to the BH3 molecule}},
    year = {1972},
    journal = {Phys. Rev. A},
    author = {Paldus, J. and {\'{I}}ek, J. and Shavitt, I.},
    number = {1},
    pages = {50--67},
    volume = {5},
    isbn = {1094-1622},
    doi = {10.1103/PhysRevA.5.50},
    issn = {10502947}
}

@article{Granucci2007,
    title = {{Critical appraisal of the fewest switches algorithm for surface hopping}},
    year = {2007},
    journal = {J. Chem. Phys.},
    author = {Granucci, Giovanni and Persico, Maurizio},
    number = {13},
    volume = {126},
    isbn = {0021-9606},
    doi = {10.1063/1.2715585},
    issn = {00219606},
    pmid = {17430023}
}

@misc{crystalexplorer,
    title = {{CrystalExplorer17 (2017)}},
    author = {Turner, M. J. and McKinnon, J. J. and Wolff, S. K. and Grimwood, D. J. and Spackman, P. R. and Jayatilaka, D. and Spackman, M. A.},
    publisher = {University of Western Australia}
}

@article{Park2017,
    title = {{Crystallization-Induced Emission Enhancement and Amplified Spontaneous Emission from a CF 3 -Containing Excited-State Intramolecular-Proton-Transfer Molecule}},
    year = {2017},
    journal = {Adv. Opt. Mater.},
    author = {Park, Sanghyuk and Kwon, Ji Eon and Park, Sun-Young and Kwon, Oh-Hoon and Kim, Joon Ki and Yoon, Seong-Jun and Chung, Jong Won and Whang, Dong Ryeol and Park, Sang Kyu and Lee, Dong Ki and Jang, Du-Jeon and Gierschner, Johannes and Park, Soo Young},
    number = {18},
    month = {9},
    pages = {1700353},
    volume = {5},
    url = {http://doi.wiley.com/10.1002/adom.201700353},
    doi = {10.1002/adom.201700353},
    issn = {21951071}
}

@article{Park2017b,
    title = {{Crystallization-Induced Emission Enhancement and Amplified Spontaneous Emission from a CF 3 -Containing Excited-State Intramolecular-Proton-Transfer Molecule}},
    year = {2017},
    journal = {Adv. Opt. Mater.},
    author = {Park, Sanghyuk and Kwon, Ji Eon and Park, Sun-Young and Kwon, Oh-Hoon and Kim, Joon Ki and Yoon, Seong-Jun and Chung, Jong Won and Whang, Dong Ryeol and Park, Sang Kyu and Lee, Dong Ki and Jang, Du-Jeon and Gierschner, Johannes and Park, Soo Young},
    number = {18},
    month = {9},
    pages = {1700353},
    volume = {5},
    url = {http://doi.wiley.com/10.1002/adom.201700353},
    doi = {10.1002/adom.201700353},
    issn = {21951071}
}

@article{Darghouth2018,
    title = {{Davydov-Type Excitonic Effects on the Absorption Spectra of Parallel-Stacked and Herringbone Aggregates of Pentacene: Time-Dependent Density-Functional Theory and Time-Dependent Density-Functional Tight Binding}},
    year = {2018},
    journal = {arXiv:1803.00056},
    author = {Darghouth, Ala Aldin M. H. M. and Correa, Gabriela Calinao and Juillard, Sacha and Casida, Mark E. and Humeniuk, Alexander and Mitric, Roland},
    number = {i},
    month = {2},
    pages = {1--40},
    url = {http://arxiv.org/abs/1803.00056},
    doi = {arXiv:1803.00056v1},
    arxivId = {1803.00056}
}

@article{Cai2018a,
    title = {{Deciphering the working mechanism of aggregation-induced emission of tetraphenylethylene derivatives by ultrafast spectroscopy}},
    year = {2018},
    journal = {Chem. Sci.},
    author = {Cai, Yuanjing and Du, Lili and Samedov, Kerim and Gu, Xinggui and Qi, Fei and Sung, Herman H.Y. and Patrick, Brian O. and Yan, Zhiping and Jiang, Xiaofang and Zhang, Haoke and Lam, Jacky W.Y. and Williams, Ian D. and Lee Phillips, David and Qin, Anjun and Tang, Ben Zhong},
    number = {20},
    pages = {4662--4670},
    volume = {9},
    publisher = {Royal Society of Chemistry},
    isbn = {2041-6520 (Print) 2041-6520},
    doi = {10.1039/c8sc01170b},
    issn = {20416539},
    pmid = {29899960}
}

@article{Runge1984,
    title = {{Density-functional theory for time-dependent systems}},
    year = {1984},
    journal = {Phys. Rev. Lett.},
    author = {Runge, Erich and Gross, E. K.U.},
    number = {12},
    pages = {997--1000},
    volume = {52},
    isbn = {0031-9007},
    doi = {10.1103/PhysRevLett.52.997},
    issn = {00319007},
    pmid = {1729}
}

@article{Yamagata2012,
    title = {{Designing J-and H-aggregates through wave function overlap engineering: Applications to poly(3-hexylthiophene)}},
    year = {2012},
    journal = {J. Phys. Chem. B},
    author = {Yamagata, Hajime and Pochas, Chris M. and Spano, Frank C.},
    number = {49},
    pages = {14494--14503},
    volume = {116},
    isbn = {9780889868892},
    doi = {10.1021/jp309407r},
    issn = {15206106},
    pmid = {23194082}
}

@article{Yamagata2012b,
    title = {{Designing J-and H-aggregates through wave function overlap engineering: Applications to poly(3-hexylthiophene)}},
    year = {2012},
    journal = {J. Phys. Chem. B},
    author = {Yamagata, Hajime and Pochas, Chris M. and Spano, Frank C.},
    number = {49},
    pages = {14494--14503},
    volume = {116},
    isbn = {9780889868892},
    doi = {10.1021/jp309407r},
    issn = {15206106},
    pmid = {23194082}
}

@article{Koga1985,
    title = {{Determination of the lowest energy point on the crossing seam between two potential surfaces using the energy gradient}},
    year = {1985},
    journal = {Chem. Phys. Lett.},
    author = {Koga, Nobuaki and Morokuma, Keiji},
    number = {5},
    month = {9},
    pages = {371--374},
    volume = {119},
    url = {http://linkinghub.elsevier.com/retrieve/pii/000926148580436X},
    doi = {10.1016/0009-2614(85)80436-X},
    issn = {00092614}
}

@article{Derenzo2000,
    title = {{Determining point charge arrays that produce accurate ionic crystal fields for atomic cluster calculations}},
    year = {2000},
    journal = {J. Chem. Phys.},
    author = {Derenzo, S E and Klintenberg, M K and Weber, M J},
    number = {5},
    pages = {2074--2081},
    volume = {112},
    url = {http://10.0.4.39/1.480776%5Cnpapers3://publication/uuid/8C7829E9-67D7-47CA-BE88-0038C9769774},
    doi = {10.1063/1.480776},
    issn = {00219606}
}

@article{Chou1992,
    title = {{Direct Evidence of Excited-State Intramolecular Proton Transfer in 2’-Hydroxychalcone and Photooxygenation Forming 3-Hydroxyflavone}},
    year = {1992},
    journal = {J. Am. Chem. Soc.},
    author = {Chou, Pi-tai and Martinez, Marty L and Cooper, William C},
    number = {12},
    pages = {4943--4944},
    volume = {114}
}

@article{Arai1997,
    title = {{Direct Observation of the Photoinduced Hydrogen Atom Transfer in 2′-Hydroxychalcone}},
    year = {1997},
    journal = {Chem. Lett.},
    author = {Arai, Tatsuo and Norikane, Yasuo},
    number = {4},
    month = {4},
    pages = {339--340},
    volume = {26},
    url = {http://www.journal.csj.jp/doi/10.1246/cl.1997.339},
    doi = {10.1246/cl.1997.339},
    issn = {0366-7022}
}

@article{Grimme2008,
    title = {{Do special noncovalent {$\pi$}-{$\pi$} stacking interactions really exist?}},
    year = {2008},
    journal = {Angew. Chem., Int. Ed.},
    author = {Grimme, Stefan},
    number = {18},
    pages = {3430--3434},
    volume = {47},
    isbn = {1521-3773},
    doi = {10.1002/anie.200705157},
    issn = {14337851},
    pmid = {18350534},
    keywords = {Ab initio calculations, Density functional calculations, Energy decomposition analysis, Stacking interactions, Supramolecular chemistry}
}

@book{Born1954,
    title = {{Dynamical Theory of Crystal Lattices}},
    year = {1954},
    author = {Born, Max and Huang, Kun},
    publisher = {Oxford University Press},
    address = {New York and London}
}

@article{Fan2016,
    title = {{Dynamics of Excited States for Fluorescent Emitters with Hybridized Local and Charge-Transfer Excited State in Solid Phase: A QM/MM Study}},
    year = {2016},
    journal = {J. Phys. Chem. A},
    author = {Fan, Jianzhong and Cai, Lei and Lin, Lili and Wang, Chuan-Kui},
    number = {47},
    pages = {9422--9430},
    volume = {120},
    url = {http://pubs.acs.org/doi/abs/10.1021/acs.jpca.6b09852},
    doi = {10.1021/acs.jpca.6b09852},
    issn = {1089-5639}
}

@article{Lochbrunner2001,
    title = {{Dynamics of excited-state proton transfer systems via time-resolved photoelectron spectroscopy}},
    year = {2001},
    journal = {J. Chem. Phys.},
    author = {Lochbrunner, S. and Schultz, T. and Schmitt, M. and Shaffer, J. P. and Zgierski, M. Z. and Stolow, Albert},
    number = {6},
    pages = {2519},
    volume = {114},
    url = {http://scitation.aip.org/content/aip/journal/jcp/114/6/10.1063/1.1345876},
    doi = {10.1063/1.1345876},
    issn = {00219606}
}

@article{Arago2015,
    title = {{Dynamics of the excitonic coupling in organic crystals}},
    year = {2015},
    journal = {Phys. Rev. Lett.},
    author = {Arag{\'{o}}, Juan and Troisi, Alessandro},
    number = {2},
    pages = {1--5},
    volume = {114},
    doi = {10.1103/PhysRevLett.114.026402},
    issn = {10797114}
}

@article{Ghosh2015,
    title = {{Effect of Donor–Acceptor Coupling on TICT Dynamics in the Excited States of Two Dimethylamine Substituted Chalcones}},
    year = {2015},
    journal = {J. Phys. Chem. A},
    author = {Ghosh, Rajib and Palit, Dipak K.},
    pages = {acs.jpca.5b08203},
    url = {http://pubs.acs.org/doi/10.1021/acs.jpca.5b08203},
    doi = {10.1021/acs.jpca.5b08203},
    issn = {1089-5639}
}

@article{Tang2001,
    title = {{Efficient blue emission from siloles}},
    year = {2001},
    journal = {J. Mater. Chem.},
    author = {Tang, Ben Zhong and Zhan, Xiaowei and Yu, Gui and Sze Lee, Priscilla Pui and Liu, Yunqi and Zhu, Daoben},
    number = {12},
    pages = {2974--2978},
    volume = {11},
    isbn = {{\{}0959-9428{\}}},
    doi = {10.1039/b102221k},
    issn = {09599428}
}

@article{Tang2018,
    title = {{Efficient Nondoped Blue Fluorescent Organic Light-Emitting Diodes (OLEDs) with a High External Quantum Efficiency of 9.4{\%} @ 1000 cd m−2Based on Phenanthroimidazole−Anthracene Derivative}},
    year = {2018},
    journal = {Adv. Funct. Mater.},
    author = {Tang, Xiangyang and Bai, Qing and Shan, Tong and Li, Jinyu and Gao, Yu and Liu, Futong and Liu, Hui and Peng, Qiming and Yang, Bing and Li, Feng and Lu, Ping},
    number = {11},
    pages = {1--8},
    volume = {28},
    doi = {10.1002/adfm.201705813},
    issn = {16163028},
    keywords = {blue electroluminescence, high quantum yield, low efficiency roll-off, nondoped devices, organic light-emitting diodes (OLEDs)}
}

@article{Wilbraham2016,
    title = {{Electrostatic Embedding To Model the Impact of Environment on Photophysical Properties of Molecular Crystals: A Self-Consistent Charge Adjustment Procedure}},
    year = {2016},
    journal = {J. Chem. Theory Comput.},
    author = {Wilbraham, Liam and Adamo, Carlo and Labat, Frédéric and Ciofini, Ilaria},
    number = {7},
    month = {7},
    pages = {3316--3324},
    volume = {12},
    url = {http://pubs.acs.org/doi/abs/10.1021/acs.jctc.6b00263 http://pubs.acs.org/doi/10.1021/acs.jctc.6b00263},
    doi = {10.1021/acs.jctc.6b00263},
    issn = {1549-9618}
}

@article{Libisch2014,
    title = {{Embedded Correlated Wavefunction Schemes: Theory and Applications}},
    year = {2014},
    journal = {Acc. Chem. Res.},
    author = {Libisch, Florian and Huang, Chen and Carter, Emily A.},
    number = {9},
    month = {9},
    pages = {2768--2775},
    volume = {47},
    url = {http://pubs.acs.org/doi/10.1021/ar500086h},
    isbn = {0001-4842},
    doi = {10.1021/ar500086h},
    issn = {0001-4842},
    pmid = {24873211}
}

@article{Laurent2014,
    title = {{ESIPT or not ESIPT? Revisiting recent results on 2,1,3-benzothiadiazole under the TD-DFT light}},
    year = {2014},
    journal = {RSC Adv.},
    author = {Laurent, Adèle D. and Houari, Ymène and Carvalho, Pedro H P R and Neto, Brenno A D and Jacquemin, Denis},
    number = {27},
    pages = {14189--14192},
    volume = {4},
    doi = {10.1039/c4ra00991f},
    issn = {20462069}
}

@book{Cramer2002,
    title = {{Essentials of Computational Chemistry, Theories and Models}},
    year = {2002},
    author = {Cramer, Christopher J.},
    publisher = {Wiley-Blackwell},
    address = {New York}
}

@article{Forster1969,
    title = {{Excimers}},
    year = {1969},
    journal = {Angew. Chem. Int. Ed. Engl.},
    author = {F{\"{o}}rster, Th},
    number = {5},
    pages = {333--343},
    volume = {8},
    isbn = {1521-3773},
    doi = {10.1002/anie.196903331},
    issn = {1521-3773}
}

@article{Bricker2014,
    title = {{Excitation energy transfer in the peridinin-chlorophyll a-protein complex modeled using configuration interaction}},
    year = {2014},
    journal = {J. Phys. Chem. B},
    author = {Bricker, William P. and Lo, Cynthia S.},
    number = {31},
    pages = {9141--9154},
    volume = {118},
    isbn = {1520-5207 (Electronic){\textbackslash}r1520-5207 (Linking)},
    doi = {10.1021/jp5017054},
    issn = {15205207},
    pmid = {25007401}
}

@article{Bricker2014b,
    title = {{Excitation energy transfer in the peridinin-chlorophyll a-protein complex modeled using configuration interaction}},
    year = {2014},
    journal = {J. Phys. Chem. B},
    author = {Bricker, William P. and Lo, Cynthia S.},
    number = {31},
    pages = {9141--9154},
    volume = {118},
    isbn = {1520-5207 (Electronic){\textbackslash}r1520-5207 (Linking)},
    doi = {10.1021/jp5017054},
    issn = {15205207},
    pmid = {25007401}
}

@article{Kronik2012a,
    title = {{Excitation gaps of finite-sized systems from optimally tuned range-separated hybrid functionals}},
    year = {2012},
    journal = {J. Chem. Theory Comput.},
    author = {Kronik, Leeor and Stein, Tamar and Refaely-Abramson, Sivan and Baer, Roi},
    number = {5},
    pages = {1515--1531},
    volume = {8},
    isbn = {1549-9618},
    doi = {10.1021/ct2009363},
    issn = {15499618},
    pmid = {26593646}
}

@article{Sneskov2012,
    title = {{Excited state coupled cluster methods}},
    year = {2012},
    journal = {WIREs Comput. Mol. Sci.},
    author = {Sneskov, Kristian and Christiansen, Ove},
    number = {4},
    pages = {566--584},
    volume = {2},
    doi = {10.1002/wcms.99},
    issn = {17590876}
}

@article{Zhao2012,
    title = {{Excited state intramolecular proton transfer (ESIPT): from principal photophysics to the development of new chromophores and applications in fluorescent molecular probes and luminescent materials}},
    year = {2012},
    journal = {Phys. Chem. Chem. Phys.},
    author = {Zhao, Jianzhang and Ji, Shaomin and Chen, Yinghui and Guo, Huimin and Yang, Pei},
    number = {25},
    pages = {8803},
    volume = {14},
    isbn = {1463-9076},
    doi = {10.1039/c2cp23144a},
    issn = {1463-9076},
    pmid = {22193300}
}

@article{Fan2018,
    title = {{Excited State Properties of a Thermally Activated Delayed Fluorescence Molecule in Solid Phase Studied by Quantum Mechanics/Molecular Mechanics Method}},
    year = {2018},
    journal = {J. Phys. Chem. C},
    author = {Fan, Jianzhong and Zhang, Yuchen and Zhou, Yong and Lin, Lili and Wang, Chuan Kui},
    number = {4},
    pages = {2358--2366},
    volume = {122},
    doi = {10.1021/acs.jpcc.7b10238},
    issn = {19327455}
}

@article{Fan2017,
    title = {{Excited state properties of non-doped thermally activated delayed fluorescence emitters with aggregation-induced emission: a QM/MM study}},
    year = {2017},
    journal = {J. Mater. Chem. C},
    author = {Fan, Jianzhong and Lin, Lili and Wang, Chuan-Kui},
    number = {33},
    pages = {8390--8399},
    volume = {5},
    publisher = {Royal Society of Chemistry},
    url = {http://xlink.rsc.org/?DOI=C7TC02541F},
    doi = {10.1039/C7TC02541F},
    issn = {2050-7526}
}

@article{Dommett2017,
    title = {{Excited state proton transfer in 2′-hydroxychalcone derivatives}},
    year = {2017},
    journal = {Phys. Chem. Chem. Phys.},
    author = {Dommett, Michael and Crespo-Otero, Rachel},
    pages = {2409--2416},
    volume = {19},
    publisher = {Royal Society of Chemistry},
    url = {http://xlink.rsc.org/?DOI=C6CP07541J},
    doi = {10.1039/C6CP07541J},
    issn = {1463-9076}
}

@article{Peng2007a,
    title = {{Excited state radiationless decay process with Duschinsky rotation effect: Formalism and implementation}},
    year = {2007},
    journal = {J. Chem. Phys.},
    author = {Peng, Qian and Yi, Yuanping and Shuai, Zhigang and Shao, Jiushu},
    number = {11},
    volume = {126},
    isbn = {0021-9606},
    doi = {10.1063/1.2710274},
    issn = {00219606},
    pmid = {17381201}
}

@article{Shuai2014,
    title = {{Excited states structure and processes: Understanding organic light-emitting diodes at the molecular level}},
    year = {2014},
    journal = {Phys. Rep.},
    author = {Shuai, Zhigang and Peng, Qian},
    number = {4},
    pages = {123--156},
    volume = {537},
    publisher = {Elsevier B.V.},
    url = {http://dx.doi.org/10.1016/j.physrep.2013.12.002},
    isbn = {0370-1573},
    doi = {10.1016/j.physrep.2013.12.002},
    issn = {03701573}
}

@article{Gao2017,
    title = {{Excited-State Decay Paths in Tetraphenylethene Derivatives}},
    year = {2017},
    journal = {J. Phys. Chem. A},
    author = {Gao, Yuan Jun and Chang, Xue Ping and Liu, Xiang Yang and Li, Quan Song and Cui, Ganglong and Thiel, Walter},
    number = {13},
    pages = {2572--2579},
    volume = {121},
    doi = {10.1021/acs.jpca.7b00197},
    issn = {15205215}
}

@article{Gao2017b,
    title = {{Excited-State Decay Paths in Tetraphenylethene Derivatives}},
    year = {2017},
    journal = {J. Phys. Chem. A},
    author = {Gao, Yuan Jun and Chang, Xue Ping and Liu, Xiang Yang and Li, Quan Song and Cui, Ganglong and Thiel, Walter},
    number = {13},
    pages = {2572--2579},
    volume = {121},
    doi = {10.1021/acs.jpca.7b00197},
    issn = {15205215}
}

@article{Shigemitsu2012,
    title = {{Excited-state intramolecular proton transfer (ESIPT) emission of hydroxyphenylimidazopyridine: Computational study on enhanced and polymorph-dependent luminescence in the solid state}},
    year = {2012},
    journal = {J. Phys. Chem. A},
    author = {Shigemitsu, Yasuhiro and Mutai, Toshiki and Houjou, Hirohiko and Araki, Koji},
    number = {49},
    pages = {12041--12048},
    volume = {116},
    doi = {10.1021/jp308473j},
    issn = {10895639},
    pmid = {23205936}
}

@article{Aquino2005,
    title = {{Excited-state intramolecular proton transfer: A survey of TDDFT and RI-CC2 excited-state potential energy surfaces}},
    year = {2005},
    journal = {J. Phys. Chem. A},
    author = {Aquino, Adelia J A and Lischka, Hans and H{\"{a}}ttig, Christof},
    number = {14},
    pages = {3201--3208},
    volume = {109},
    isbn = {1089-5639},
    doi = {10.1021/jp050288k},
    issn = {10895639},
    pmid = {16833649}
}

@article{Padalkar2015,
    title = {{Excited-state intramolecular proton-transfer (ESIPT)-inspired solid state emitters}},
    year = {2015},
    journal = {Chem. Soc. Rev.},
    author = {Padalkar, Vikas S. and Seki, Shu},
    number = {1},
    pages = {169--202},
    volume = {45},
    publisher = {Royal Society of Chemistry},
    url = {http://dx.doi.org/10.1039/C5CS00543D},
    doi = {10.1039/C5CS00543D},
    issn = {0306-0012}
}

@article{Demchenko2013,
    title = {{Excited-state proton coupled charge transfer modulated by molecular structure and media polarization}},
    year = {2013},
    journal = {Chem. Soc. Rev.},
    author = {Demchenko, Alexander P. and Tang, Kuo-Chun and Chou, Pi-Tai},
    number = {3},
    pages = {1379--1408},
    volume = {42},
    url = {http://xlink.rsc.org/?DOI=C2CS35195A},
    doi = {10.1039/C2CS35195A},
    issn = {0306-0012}
}

@article{Fornari2016,
    title = {{Exciton Dynamics in Phthalocyanine Molecular Crystals}},
    year = {2016},
    journal = {J. Phys. Chem. C},
    author = {Fornari, Rocco P. and Arag{\'{o}}, Juan and Troisi, Alessandro},
    number = {15},
    pages = {7987--7996},
    volume = {120},
    doi = {10.1021/acs.jpcc.6b01298},
    issn = {19327455}
}

@article{Li2017,
    title = {{Excitonic coupling effect on the nonradiative decay rate in molecular aggregates: Formalism and application}},
    year = {2017},
    journal = {Chem. Phys. Lett.},
    author = {Li, Wenqiang and Zhu, Lili and Shi, Qiang and Ren, Jiajun and Peng, Qian and Shuai, Zhigang},
    pages = {507--514},
    volume = {683},
    publisher = {Elsevier B.V.},
    url = {http://linkinghub.elsevier.com/retrieve/pii/S0009261417303032},
    doi = {10.1016/j.cplett.2017.03.077},
    issn = {00092614},
    keywords = {nonradiative decay rate, organic molecular aggregates}
}

@article{Gierschner2009,
    title = {{Excitonic versus electronic couplings in molecular assemblies: The importance of non-nearest neighbor interactions}},
    year = {2009},
    journal = {J. Chem. Phys.},
    author = {Gierschner, Johannes and Huang, Ya-Shih and Van Averbeke, Bernard and Cornil, Jérôme and Friend, Richard H. and Beljonne, David},
    number = {4},
    month = {1},
    pages = {044105},
    volume = {130},
    url = {http://aip.scitation.org/doi/10.1063/1.3065267},
    isbn = {0021-9606},
    doi = {10.1063/1.3065267},
    issn = {0021-9606},
    pmid = {19191375},
    arxivId = {physics/0703233}
}

@article{Hestand2018,
    title = {{Expanded Theory of H- and J-Molecular Aggregates: The Effects of Vibronic Coupling and Intermolecular Charge Transfer}},
    year = {2018},
    journal = {Chem. Rev.},
    author = {Hestand, Nicholas J. and Spano, Frank C.},
    number = {15},
    month = {8},
    pages = {7069--7163},
    volume = {118},
    publisher = {American Chemical Society},
    url = {http://pubs.acs.org/doi/10.1021/acs.chemrev.7b00581},
    doi = {10.1021/acs.chemrev.7b00581},
    issn = {0009-2665},
    pmid = {29664617}
}

@article{Kachwal2018,
    title = {{Exploring the hidden potential of a benzothiazole-based Schiff-base exhibiting AIE and ESIPT and its activity in pH sensing, intracellular imaging and ultrasensitive {\&} selective detection of aluminium (Al 3+ )}},
    year = {2018},
    journal = {Analyst},
    author = {Kachwal, Vishal and Vamsi Krishna, I. S. and Fageria, Leena and Chaudhary, Jagrity and Kinkar Roy, Ram and Chowdhury, Rajdeep and Laskar, Inamur Rahaman},
    number = {15},
    pages = {3741--3748},
    volume = {143},
    publisher = {Royal Society of Chemistry},
    url = {http://xlink.rsc.org/?DOI=C8AN00349A},
    doi = {10.1039/C8AN00349A},
    issn = {0003-2654}
}

@article{Wang2016,
    title = {{Exploring the Mechanism of Fluorescence Quenching and Aggregation-Induced Emission of a Phenylethylene Derivative by QM (CASSCF and TDDFT) and ONIOM (QM:MM) Calculations}},
    year = {2016},
    journal = {J. Phys. Chem. C},
    author = {Wang, Bin and Wang, Xiaojuan and Wang, Wenliang and Liu, Fengyi},
    number = {38},
    pages = {21850--21857},
    volume = {120},
    doi = {10.1021/acs.jpcc.6b07963},
    issn = {19327455}
}

@article{Ryabinkin2015,
    title = {{Fast Numerical Evaluation of Time-Derivative Nonadiabatic Couplings for Mixed Quantum–Classical Methods}},
    year = {2015},
    journal = {J. Phys. Chem. Lett.},
    author = {Ryabinkin, Ilya G. and Nagesh, Jayashree and Izmaylov, Artur F.},
    number = {21},
    month = {11},
    pages = {4200--4203},
    volume = {6},
    publisher = {American Chemical Society},
    url = {http://pubs.acs.org/doi/10.1021/acs.jpclett.5b02062},
    doi = {10.1021/acs.jpclett.5b02062},
    issn = {1948-7185},
    keywords = {Slater determinants, finite-difference formula, mixed quantum−classical methods, time-derivative nonadiabatic coupling}
}

@article{Tang2011,
    title = {{Fine Tuning the Energetics of Excited-State Intramolecular Proton Transfer (ESIPT): White Light Generation in A Single ESIPT System}},
    year = {2011},
    journal = {J. Am. Chem. Soc.},
    author = {Tang, Kuo-Chun and Chang, Ming-Jen and Lin, Tsung-Yi and Pan, Hsiao-An and Fang, Tzu-Chien and Chen, Kew-Yu and Hung, Wen-Yi and Hsu, Yu-Hsiang and Chou, Pi-Tai},
    number = {44},
    pages = {17738--17745},
    volume = {133},
    url = {http://pubs.acs.org/doi/abs/10.1021/ja2062693},
    isbn = {0002-7863},
    doi = {10.1021/ja2062693},
    issn = {0002-7863},
    pmid = {21957929}
}

@article{Wang2010a,
    title = {{Fluorescent bio/chemosensors based on silole and tetraphenylethene luminogens with aggregation-induced emission feature}},
    year = {2010},
    journal = {J. Mater. Chem.},
    author = {Wang, Ming and Zhang, Guanxin and Zhang, Deqing and Zhu, Daoben and Tang, Ben Zhong},
    number = {10},
    pages = {1858--1867},
    volume = {20},
    isbn = {0959-9428},
    doi = {10.1039/b921610c},
    issn = {09599428}
}

@misc{fromage,
    title = {{fromage (FRamewOrk for Molecular AGgregate Excitations)}},
    year = {2018},
    author = {Rivera, Miguel and Dommett, Michael and Crespo-Otero, Rachel},
    url = {https://github.com/Crespo-Otero-group/fromage}
}

@article{Schafer1992,
    title = {{Fully optimized contracted Gaussian basis sets for atoms Li to Kr}},
    year = {1992},
    journal = {J. Chem. Phys.},
    author = {Sch{\"{a}}fer, Ansgar and Horn, Hans and Ahlrichs, Reinhart},
    number = {4},
    month = {8},
    pages = {2571--2577},
    volume = {97},
    url = {http://aip.scitation.org/doi/10.1063/1.463096},
    isbn = {0021-9606},
    doi = {10.1063/1.463096},
    issn = {0021-9606}
}

@article{Fang2014,
    title = {{Functional organic single crystals for solid-state laser applications}},
    year = {2014},
    journal = {Laser Photonics Rev.},
    author = {Fang, Hong-Hua and Yang, Jie and Feng, Jing and Yamao, Takeshi and Hotta, Shu and Sun, Hong-Bo},
    number = {5},
    month = {9},
    pages = {687--715},
    volume = {8},
    url = {http://doi.wiley.com/10.1002/lpor.201300222},
    isbn = {1863-8899},
    doi = {10.1002/lpor.201300222},
    issn = {18638880},
    keywords = {Laser oscillation, Light-emitting field effect transistor, Optical resonator, Organic crystal, Stimulated emission}
}

@article{Li2009,
    title = {{Functionalized siloles: Versatile synthesis, aggregation-induced emission, and sensory and device applications}},
    year = {2009},
    journal = {Adv. Funct. Mater.},
    author = {Li, Zhen and Dong, Yong Qiang and Lam, Jacky W.Y. and Sun, Jiaxin and Qin, Anjun and H{\"{a}}ussler, Matthias and Dong, Yu Ping and Sung, Herman H.Y. and Williams, Ian D. and Kwok, Hoi Sing and Tang, Ben Zhong},
    number = {6},
    pages = {905--917},
    volume = {19},
    isbn = {1616-301X},
    doi = {10.1002/adfm.200801278},
    issn = {16163028}
}

@article{Yonehara2012,
    title = {{Fundamental approaches to nonadiabaticity: Toward a chemical theory beyond the born-oppenheimer paradigm}},
    year = {2012},
    journal = {Chem. Rev.},
    author = {Yonehara, Takehiro and Hanasaki, Kota and Takatsuka, Kazuo},
    number = {1},
    pages = {499--542},
    volume = {112},
    isbn = {0009-2665},
    doi = {10.1021/cr200096s},
    issn = {00092665},
    pmid = {22077497}
}

@misc{g09,
    title = {{Gaussian 09, Revision D.01}},
    year = {2009},
    booktitle = {Gaussian 09, Revision D.01, Gaussian, Inc., Wallingford CT},
    author = {Frisch, M J and Trucks, G W and Schlegel, H B and Scuseria, G E and Robb, M A and Cheeseman, J R and Scalmani, G and Barone, V and Mennucci, B and Petersson, G A and Nakatsuji, H and Caricato, M and Li, X and Hratchian, H P and Izmaylov, A F and Bloino, J and Zheng, G and Sonnenberg, J L and Hada, M and Ehara, M and Toyota, K and Fukuda, R and Hasegawa, J and Ishida, M and Nakajima, T and Honda, Y and Kitao, O and Nakai, H and Vreven, T and Montgomery, J A and Peralta, J E and Ogliaro, F and Bearpark, M and Heyd, J J and Brothers, E and Kudin, K N and Staroverov, V N and Kobayashi, R and Normand, J and Raghavachari, K and Rendell, A and Burant, J C and Iyengar, S S and Tomasi, J and Cossi, M and Rega, N and Millam, J M and Klene, M and Knox, J E and Cross, J B and Bakken, V and Adamo, C and Jaramillo, J and Gomperts, R and Stratmann, R E and Yazyev, O and Austin, A J and Cammi, R and Pomelli, C and Ochterski, J W and Martin, R L and Morokuma, K and Zakrzewski, V G and Voth, G A and Salvador, P and Dannenberg, J J and Dapprich, S and Daniels, A D and {Farkas} and Foresman, J B and Ortiz, J V and Cioslowski, J and Fox, D J},
    institution = {Gaussian, Inc. Wallingford CT},
    keywords = {dft}
}

@article{Perdew1996,
    title = {{Generalized gradient approximation made simple}},
    year = {1996},
    journal = {Phys. Rev. Lett.},
    author = {Perdew, John P. and Burke, Kieron and Ernzerhof, Matthias},
    number = {18},
    pages = {3865--3868},
    volume = {77},
    isbn = {9780596529321},
    doi = {10.1103/PhysRevLett.77.3865},
    issn = {10797114},
    pmid = {10062328},
    arxivId = {10.1016/0927-0256(96)00008}
}

@article{Frisch2003,
    title = {{Geometry Optimization with QM / MM , ONIOM , and Other Combined Methods . I . Microiterations}},
    year = {2003},
    journal = {J. Comput. Chem.},
    author = {Frisch, Michael J},
    pages = {760--769},
    volume = {24},
    issn = {1096-987X},
    keywords = {combined methods, geometry optimization, hybrid methods, microiterations, mm, oniom, qm}
}

@article{Frisch2003b,
    title = {{Geometry Optimization with QM / MM , ONIOM , and Other Combined Methods . I . Microiterations}},
    year = {2003},
    journal = {J. Comput. Chem.},
    author = {Frisch, Michael J},
    pages = {760--769},
    volume = {24},
    issn = {1096-987X},
    keywords = {combined methods, geometry optimization, hybrid methods, microiterations, mm, oniom, qm}
}

@article{Chen2002,
    title = {{Highly efficient organic light-emitting diodes with a silole-based compound}},
    year = {2002},
    journal = {Appl. Phys. Lett.},
    author = {Chen, H. Y. and Lam, W. Y. and Luo, J. D. and Ho, Y. L. and Tang, B. Z. and Zhu, D. B. and Wong, M. and Kwok, H. S.},
    number = {4},
    pages = {574--576},
    volume = {81},
    doi = {10.1063/1.1495542},
    issn = {00036951}
}

@article{Mamada2017,
    title = {{Highly Efficient Thermally Activated Delayed Fluorescence from an Excited-State Intramolecular Proton Transfer System}},
    year = {2017},
    journal = {ACS Cent. Sci.},
    author = {Mamada, Masashi and Inada, Ko and Komino, Takeshi and Potscavage, William J. and Nakanotani, Hajime and Adachi, Chihaya},
    number = {7},
    pages = {769--777},
    volume = {3},
    isbn = {2374-7943},
    doi = {10.1021/acscentsci.7b00183},
    issn = {23747951}
}

@article{Gierschner2013a,
    title = {{Highly Emissive H-Aggregates or Aggregation-Induced Emission Quenching? The Photophysics of All-Trans para -Distyrylbenzene}},
    year = {2013},
    journal = {J. Phys. Chem. Lett.},
    author = {Gierschner, Johannes and L{\"{u}}er, Larry and Mili{\'{a}}n-Medina, Begoña and Oelkrug, Dieter and Egelhaaf, Hans-Joachim},
    number = {16},
    month = {8},
    pages = {2686--2697},
    volume = {4},
    url = {http://pubs.acs.org/doi/10.1021/jz400985t},
    isbn = {1948-7185},
    doi = {10.1021/jz400985t},
    issn = {1948-7185}
}

@article{Wang2014,
    title = {{Highly selective fluorogenic multianalyte biosensors constructed via enzyme-catalyzed coupling and aggregation-induced emission}},
    year = {2014},
    journal = {J. Am. Chem. Soc.},
    author = {Wang, Xiaorui and Hu, Jinming and Zhang, Guoying and Liu, Shiyong},
    number = {28},
    pages = {9890--9893},
    volume = {136},
    isbn = {0002-7863},
    doi = {10.1021/ja505278w},
    issn = {15205126},
    pmid = {24983204}
}

@article{Sasaki2016,
    title = {{Highly Twisted N,N-Dialkylamines as a Design Strategy to Tune Simple Aromatic Hydrocarbons as Steric Environment-Sensitive Fluorophores}},
    year = {2016},
    journal = {J. Am. Chem. Soc.},
    author = {Sasaki, Shunsuke and Suzuki, Satoshi and Sameera, W. M C and Igawa, Kazunobu and Morokuma, Keiji and Konishi, Gen Ichi},
    number = {26},
    pages = {8194--8206},
    volume = {138},
    isbn = {0002-7863},
    doi = {10.1021/jacs.6b03749},
    issn = {15205126},
    pmid = {27300152}
}

@article{Sasaki2016b,
    title = {{Highly Twisted N,N-Dialkylamines as a Design Strategy to Tune Simple Aromatic Hydrocarbons as Steric Environment-Sensitive Fluorophores}},
    year = {2016},
    journal = {J. Am. Chem. Soc.},
    author = {Sasaki, Shunsuke and Suzuki, Satoshi and Sameera, W. M C and Igawa, Kazunobu and Morokuma, Keiji and Konishi, Gen Ichi},
    number = {26},
    pages = {8194--8206},
    volume = {138},
    isbn = {0002-7863},
    doi = {10.1021/jacs.6b03749},
    issn = {15205126},
    pmid = {27300152}
}

@article{Prlj2016,
    title = {{How does tetraphenylethylene relax from its excited states?}},
    year = {2016},
    journal = {Phys. Chem. Chem. Phys.},
    author = {Prlj, Antonio and Do{\v{s}}li{\'{c}}, Nađa and Corminboeuf, Clémence},
    number = {17},
    pages = {11606--11609},
    volume = {18},
    url = {http://xlink.rsc.org/?DOI=C5CP04546K},
    doi = {10.1039/C5CP04546K},
    issn = {1463-9076},
    pmid = {26395765}
}

@article{Prlj2016b,
    title = {{How does tetraphenylethylene relax from its excited states?}},
    year = {2016},
    journal = {Phys. Chem. Chem. Phys.},
    author = {Prlj, Antonio and Do{\v{s}}li{\'{c}}, Nađa and Corminboeuf, Clémence},
    number = {17},
    pages = {11606--11609},
    volume = {18},
    url = {http://xlink.rsc.org/?DOI=C5CP04546K},
    doi = {10.1039/C5CP04546K},
    issn = {1463-9076},
    pmid = {26395765}
}

@article{Dommett2017b,
    title = {{How Inter- and Intramolecular Processes Dictate Aggregation-Induced Emission in Crystals Undergoing Excited-State Proton Transfer}},
    year = {2017},
    journal = {J. Phys. Chem. Lett.},
    author = {Dommett, Michael and Rivera, Miguel and Crespo-Otero, Rachel},
    pages = {6148--6153},
    url = {http://pubs.acs.org/doi/10.1021/acs.jpclett.7b02893},
    doi = {10.1021/acs.jpclett.7b02893},
    issn = {1948-7185}
}

@article{Wu2015a,
    title = {{How is the AIE mechanism profoundly changed in an ESIPT family: the novel introduction of a tetraphenylethene group onto (Z)-3-(quinolin-2-ylmethylene)-3,4-dihydroquinoxalin-2(1H)-one}},
    year = {2015},
    journal = {Phys. Chem. Chem. Phys.},
    author = {Wu, Ding-Er and Yao, Qi-Chao and Xia, Min},
    number = {5},
    pages = {3287--3294},
    volume = {17},
    publisher = {Royal Society of Chemistry},
    url = {http://xlink.rsc.org/?DOI=C4CP03963G},
    doi = {10.1039/C4CP03963G},
    issn = {1463-9076}
}

@article{Yao2011,
    title = {{Hydroxyphenyl-benzothiazole based full color organic emitting materials generated by facile molecular modification}},
    year = {2011},
    journal = {J. Mater. Chem.},
    author = {Yao, Dandan and Zhao, Shanshan and Guo, Jianhua and Zhang, Zuolun and Zhang, Hongyu and Liu, Yu and Wang, Yue},
    number = {11},
    pages = {3568--3570},
    volume = {21},
    doi = {10.1039/c1jm00009h},
    issn = {09599428}
}

@article{Fornari2017,
    title = {{Importance and Nature of Short-Range Excitonic Interactions in Light Harvesting Complexes and Organic Semiconductors}},
    year = {2017},
    journal = {J. Chem. Theory Comput.},
    author = {Fornari, Rocco P. and Rowe, Patrick and Padula, Daniele and Troisi, Alessandro},
    number = {8},
    pages = {3754--3763},
    volume = {13},
    doi = {10.1021/acs.jctc.7b00328},
    issn = {15499626}
}

@article{Duan2017,
    title = {{Influence of Aggregation on the Structure and Fluorescent Properties of a Tetraphenylethylene Derivative: a Theoretical Study}},
    year = {2017},
    journal = {ChemPhysChem},
    author = {Duan, Ying Chen and Wu, Yong and Jin, Jun Ling and Gu, Dong Mei and Geng, Yun and Zhang, Min and Su, Zhong Min},
    number = {7},
    pages = {755--762},
    volume = {18},
    doi = {10.1002/cphc.201601308},
    issn = {14397641},
    keywords = {ab initio calculations, aggregation, fluorescence, huang–rhys factor, tetraphenylethylene derivative}
}

@article{Duan2017b,
    title = {{Influence of Aggregation on the Structure and Fluorescent Properties of a Tetraphenylethylene Derivative: a Theoretical Study}},
    year = {2017},
    journal = {ChemPhysChem},
    author = {Duan, Ying Chen and Wu, Yong and Jin, Jun Ling and Gu, Dong Mei and Geng, Yun and Zhang, Min and Su, Zhong Min},
    number = {7},
    pages = {755--762},
    volume = {18},
    doi = {10.1002/cphc.201601308},
    issn = {14397641},
    keywords = {ab initio calculations, aggregation, fluorescence, huang–rhys factor, tetraphenylethylene derivative}
}

@article{Kohn1964,
    title = {{Inhomogeneous Electron Gas}},
    year = {1964},
    journal = {Phys. Rev.},
    author = {Hohenberg, P. and Kohn, W.},
    number = {3B},
    month = {11},
    pages = {B864-B871},
    volume = {136},
    url = {https://link.aps.org/doi/10.1103/PhysRevB.7.1912 https://link.aps.org/doi/10.1103/PhysRev.136.B864},
    isbn = {0163-1829},
    doi = {10.1103/PhysRev.136.B864},
    issn = {0031-899X},
    pmid = {14995397},
    arxivId = {1108.5632}
}

@article{Sen2013,
    title = {{Interfacial states in donor-acceptor organic heterojunctions: Computational insights into thiophene-oligomer/fullerene junctions}},
    year = {2013},
    journal = {J. Chem. Theory Comput.},
    author = {Sen, Kakali and Crespo-Otero, Rachel and Weingart, Oliver and Thiel, Walter and Barbatti, Mario},
    number = {1},
    pages = {533--542},
    volume = {9},
    isbn = {1549-9618},
    doi = {10.1021/ct300844y},
    issn = {15499618},
    pmid = {26589052}
}

@article{Mai2016,
    title = {{Intersystem Crossing Pathways in the Noncanonical Nucleobase 2-Thiouracil: A Time-Dependent Picture}},
    year = {2016},
    journal = {J. Phys. Chem. Lett.},
    author = {Mai, Sebastian and Marquetand, Philipp and Gonz{\'{a}}lez, Leticia},
    number = {11},
    pages = {1978--1983},
    volume = {7},
    isbn = {1948-7185},
    doi = {10.1021/acs.jpclett.6b00616},
    issn = {19487185},
    pmid = {27167106}
}

@article{Shinozaki2018,
    title = {{Investigations of excited-state relaxation processes in 2′- hydroxychalcone analogues having pyrrole and indole moieties based on emission and transient absorption measurements}},
    year = {2018},
    journal = {J. Photochem. Photobiol., A.},
    author = {Shinozaki, Yukino and Yamaji, Minoru and Arai, Tatsuo},
    pages = {17--22},
    volume = {350},
    publisher = {Elsevier B.V.},
    url = {https://doi.org/10.1016/j.jphotochem.2017.09.021},
    doi = {10.1016/j.jphotochem.2017.09.021},
    issn = {10106030},
    keywords = {2′-Hydroxychalcone, Fluorescence, Intramolecular hydrogen transfer, Laser flash photolysis, cis-trans isomerization}
}

@article{Forster1954,
    title = {{Konzentrationsabh{\"{a}}ngigkeit Fluoreszenzspek-}},
    year = {1954},
    journal = {Z. Phys. Chem. N. F.},
    author = {Th. Forster, K. Kasper},
    pages = {275--276},
    volume = {1}
}

@article{Chai2008,
    title = {{Long-range corrected hybrid density functionals with damped atom–atom dispersion corrections}},
    year = {2008},
    journal = {Phys. Chem. Chem. Phys.},
    author = {Chai, Jeng-Da and Head-Gordon, Martin},
    number = {44},
    pages = {6615},
    volume = {10},
    url = {http://xlink.rsc.org/?DOI=b810189b},
    isbn = {1463-9076},
    doi = {10.1039/b810189b},
    issn = {1463-9076},
    pmid = {26589028},
    arxivId = {1211.0387}
}

@article{Gierschner2013,
    title = {{Luminescent Distyrylbenzenes: Tailoring Molecular Structure and Crystalline Morphology}},
    year = {2013},
    journal = {J. Mater. Chem. C},
    author = {Gierschner, Johannes and Park, Soo Young},
    number = {37},
    pages = {5818},
    volume = {1},
    url = {http://xlink.rsc.org/?DOI=c3tc31062k},
    isbn = {2050-7526},
    doi = {10.1039/c3tc31062k},
    issn = {2050-7526}
}

@article{Leeuwen1999,
    title = {{Mapping from Densities to Potentials in Time-Dependent Density-Functional Theory}},
    year = {1999},
    journal = {Phys. Rev. Lett.},
    author = {Leeuwen, Robert Van},
    number = {3},
    pages = {3863--3866},
    doi = {10.1103/PhysRevLett.82.3863},
    issn = {0031-9007}
}

@article{Yarkony2004,
    title = {{Marching along Ridges. Efficient Location of Energy-Minimized Conical Intersections of Two States Using Extrapolatable Functions}},
    year = {2004},
    journal = {J. Phys. Chem. A},
    author = {Yarkony, David R.},
    number = {15},
    month = {4},
    pages = {3200--3205},
    volume = {108},
    url = {http://pubs.acs.org/doi/abs/10.1021/jp0374354},
    isbn = {1089-5639},
    doi = {10.1021/jp0374354},
    issn = {1089-5639}
}

@misc{maxima,
    title = {{Maxima, a Computer Algebra System. Version 5.34.1}},
    year = {2014},
    author = {{Maxima}},
    url = {http://maxima.sourceforge.net/},
    address = {http://maxima.sourceforge.net/}
}

@article{Paterson2005,
    title = {{Mechanism of an exceptional class of photostabilizers: A seam of conical intersection parallel to excited state intramolecular proton transfer (ESIPT) in o-hydroxyphenyl-(1,3,5)-triazine}},
    year = {2005},
    journal = {J. Phys. Chem. A},
    author = {Paterson, Martin J. and Robb, Michael A. and Blancafort, Llu??s and DeBellis, Anthony D.},
    number = {33},
    pages = {7527--7537},
    volume = {109},
    isbn = {1089-5639},
    doi = {10.1021/jp051108},
    issn = {10895639},
    pmid = {16834122}
}

@article{Khan1983,
    title = {{Mechanism of four-level laser action in solution excimer and excited-state proton-transfer cases.}},
    year = {1983},
    journal = {Proc. Natl. Acad. Sci. U.S.A.},
    author = {Khan, Ahsan U and Kasha, Michael},
    number = {6},
    pages = {1767--1770},
    volume = {80},
    doi = {10.1073/pnas.80.6.1767},
    issn = {0027-8424},
    pmid = {16593295}
}

@article{Kaneda2003,
    title = {{Mechanistic Approach to the Cyclization Reaction of a 2'-hydroxychalcone Analogue with Light and Solvent}},
    year = {2003},
    journal = {Org. Biomol. Chem},
    author = {Kaneda, Kaoru and Arai, Tatsuo},
    pages = {2041--2043},
    volume = {1}
}

@article{Karsili2016,
    title = {{Mechanistic insights into excited state intramolecular proton transfer in isolated and metal chelated supramolecular chemosensors}},
    year = {2016},
    journal = {Dalton Trans.},
    author = {Karsili, Tolga N. V. and Marchetti, Barbara and Ashfold, Michael N. R.},
    number = {47},
    pages = {18921--18930},
    volume = {45},
    publisher = {Royal Society of Chemistry},
    url = {http://xlink.rsc.org/?DOI=C6DT03906E},
    doi = {10.1039/C6DT03906E},
    issn = {1477-9226}
}

@article{Presti2016,
    title = {{Modeling emission features of salicylidene aniline molecular crystals: A QM/QM' approach}},
    year = {2016},
    journal = {J. Comput. Chem.},
    author = {Presti, Davide and Labat, Frédéric and Pedone, Alfonso and Frisch, Michael J. and Hratchian, Hrant P. and Ciofini, Ilaria and Cristina Menziani, Maria and Adamo, Carlo},
    number = {9},
    pages = {861--870},
    volume = {37},
    doi = {10.1002/jcc.24282},
    issn = {1096987X},
    keywords = {DFT, ONIOM QM/QM', TD-DFT, molecular crystals, photophysics}
}

@book{aszabo82:qchem,
    title = {{Modern Quantum Chemistry: Introduction to Advanced Electronic Structure Theory}},
    year = {1996},
    author = {Szabo, Attila and Ostlund, Neil S},
    edition = {First},
    publisher = {Dover Publications, Inc.},
    address = {Mineola},
    keywords = {basis chemistry cluster configuration consistent c}
}

@book{szabo1996,
    title = {{Modern Quantum Chemistry: Introduction to Advanced Electronic Structure Theory}},
    year = {1996},
    author = {Szabo, Attila and Ostlund, Neil S},
    publisher = {Dover Publications, Inc.},
    address = {Mineola},
    keywords = {basis chemistry cluster configuration consistent c}
}

@article{Yushchenko2007,
    title = {{Modulation of excited-state intramolecular proton transfer by viscosity in protic media}},
    year = {2007},
    journal = {J. Phys. Chem. A.},
    author = {Yushchenko, Dmytro a. and Shvadchak, Volodymyr V. and Klymchenko, Andrey S. and Duportail, Guy and Pivovarenko, Vasyl G. and M{\'{e}}ly, Yves},
    number = {42},
    pages = {10435--10438},
    volume = {111},
    doi = {10.1021/jp074726u},
    issn = {10895639},
    pmid = {17910424}
}

@article{Aquilante2016,
    title = {{Molcas 8: New Capabilities for Multiconfigurational Quantum Chemical Calculations Across the Periodic Table}},
    year = {2016},
    journal = {J. Comput. Chem.},
    author = {Aquilante, Francesco and Autschbach, Jochen and Carlson, Rebecca K. and Chibotaru, Liviu F. and Delcey, Mickaël G. and De Vico, Luca and Fdez Galv{\'{a}}n, Ignacio and Ferr{\'{e}}, Nicolas and Frutos, Luis Manuel and Gagliardi, Laura and Garavelli, Marco and Giussani, Angelo and Hoyer, Chad E. and Li Manni, Giovanni and Lischka, Hans and Ma, Dongxia and Malmqvist, Per Åke and M{\"{u}}ller, Thomas and Nenov, Artur and Olivucci, Massimo and Pedersen, Thomas Bondo and Peng, Daoling and Plasser, Felix and Pritchard, Ben and Reiher, Markus and Rivalta, Ivan and Schapiro, Igor and Segarra-Mart{\'{i}}, Javier and Stenrup, Michael and Truhlar, Donald G. and Ungur, Liviu and Valentini, Alessio and Vancoillie, Steven and Veryazov, Valera and Vysotskiy, Victor P. and Weingart, Oliver and Zapata, Felipe and Lindh, Roland},
    number = {5},
    pages = {506--541},
    volume = {37},
    isbn = {0192-8651},
    doi = {10.1002/jcc.24221},
    issn = {1096987X},
    pmid = {26561362},
    keywords = {electron correlation, gradients, molecular dynamics, parallelization, relativistic}
}

@article{Hestand2017,
    title = {{Molecular Aggregate Photophysics Beyond the Kasha Model: Novel Design Principles for Organic Materials}},
    year = {2017},
    journal = {Acc. Chem. Res.},
    author = {Hestand, Nicholas J. and Spano, Frank C.},
    number = {2},
    pages = {341--350},
    volume = {50},
    doi = {10.1021/acs.accounts.6b00576},
    issn = {15204898}
}

@article{Tully1990,
    title = {{Molecular dynamics with electronic transitions}},
    year = {1990},
    journal = {J. Chem. Phys.},
    author = {Tully, John C.},
    number = {2},
    pages = {1061--1071},
    volume = {93},
    url = {http://link.aip.org/link/JCPSA6/v93/i2/p1061/s1%5Cnhttp://link.aip.org/link/JCPSA6/v93/i2/p1061/s1&Agg=doi},
    doi = {10.1063/1.459170},
    issn = {0021-9606}
}

@article{Niu2018,
    title = {{MOlecular MAterials Property Prediction Package (MOMAP) 1.0: a software package for predicting the luminescent properties and mobility of organic functional materials}},
    year = {2018},
    journal = {Mol. Phys.},
    author = {Niu, Yingli and Li, Wenqiang and Peng, Qian and Geng, Hua and Yi, Yuanping and Wang, Linjun and Nan, Guangjun and Wang, Dong and Shuai, Zhigang},
    number = {7-8},
    pages = {1078--1090},
    volume = {116},
    publisher = {Taylor {\&} Francis},
    url = {https://doi.org/10.1080/00268976.2017.1402966},
    doi = {10.1080/00268976.2017.1402966},
    issn = {13623028},
    keywords = {Molecular materials, charge transport, first principle, luminescence}
}

@article{Sauer1989,
    title = {{Molecular Models in ab Initio Studies of Solids and Surfaces: From Ionic Crystals and Semiconductors to Catalysts}},
    year = {1989},
    journal = {Chem. Rev.},
    author = {Sauer, Joachim},
    number = {1},
    pages = {199--255},
    volume = {89},
    isbn = {0009-2665},
    doi = {10.1021/cr00091a006},
    issn = {15206890}
}

@article{Molpro,
    title = {{Molpro: a general-purpose quantum chemistry program package}},
    year = {2012},
    journal = {Wiley Interdiscip. Rev. Comput. Mol. Sci.},
    author = {Werner, Hans‐Joachim and Knowles, Peter J. and Knizia, Gerald and Manby, Frederick R. and Sch{\"{u}}tz, Martin},
    number = {2},
    month = {3},
    pages = {242--253},
    volume = {2},
    publisher = {John Wiley {\&} Sons, Inc.},
    url = {http://doi.wiley.com/10.1002/wcms.82},
    doi = {10.1002/wcms.82},
    issn = {17590876}
}

@article{Hong2012,
    title = {{Monitoring and inhibition of insulin fibrillation by a small organic fluorogen with aggregation-induced emission characteristics}},
    year = {2012},
    journal = {J. Am. Chem. Soc.},
    author = {Hong, Yuning and Meng, Luming and Chen, Sijie and Leung, Chris Wai Tung and Da, Lin Tai and Faisal, Mahtab and Silva, Daniel Adriano and Liu, Jianzhao and Lam, Jacky Wing Yip and Huang, Xuhui and Tang, Ben Zhong},
    number = {3},
    pages = {1680--1689},
    volume = {134},
    isbn = {1520-5126 (Electronic){\textbackslash}r0002-7863 (Linking)},
    doi = {10.1021/ja208720a},
    issn = {00027863},
    pmid = {22191699}
}

@article{Cheng2016,
    title = {{Multicolor Amplified Spontaneous Emissions Based on Organic Polymorphs That Undergo Excited-State Intramolecular Proton Transfer}},
    year = {2016},
    journal = {Chem. Eur. J.},
    author = {Cheng, Xiao and Zhang, Yufei and Han, Shenghua and Li, Feng and Zhang, Hongyu and Wang, Yue},
    number = {14},
    pages = {4899--4903},
    volume = {22},
    url = {http://doi.wiley.com/10.1002/chem.201600355},
    doi = {10.1002/chem.201600355},
    issn = {09476539}
}

@article{Klymchenko2003,
    title = {{Multiparametric probing of intermolecular interactions with fluorescent dye exhibiting excited state intramolecular proton transfer}},
    year = {2003},
    journal = {Phys. Chem. Chem. Phys.},
    author = {Klymchenko, Andrey S. and Demchenko, Alexander P.},
    number = {3},
    month = {1},
    pages = {461--468},
    volume = {5},
    url = {http://xlink.rsc.org/?DOI=b210352d},
    isbn = {1463-9076},
    doi = {10.1039/b210352d},
    issn = {14639076}
}

@article{Lischka2018,
    title = {{Multireference Approaches for Excited States of Molecules}},
    year = {2018},
    journal = {Chem. Rev.},
    author = {Lischka, Hans and Nachtigallov{\'{a}}, Dana and Aquino, Adélia J. A. and Szalay, Péter G. and Plasser, Felix and Machado, Francisco B. C. and Barbatti, Mario},
    number = {15},
    month = {8},
    pages = {7293--7361},
    volume = {118},
    url = {http://pubs.acs.org/doi/10.1021/acs.chemrev.8b00244},
    isbn = {0000000295888},
    doi = {10.1021/acs.chemrev.8b00244},
    issn = {0009-2665},
    pmid = {30040389}
}

@article{Roothaan1951,
    title = {{New Developments in Molecular Orbital Theory}},
    year = {1951},
    journal = {Rev. Mod. Phys.},
    author = {Roothaan, C. C. J.},
    number = {2},
    month = {4},
    pages = {69--89},
    volume = {23},
    url = {https://link.aps.org/doi/10.1103/RevModPhys.23.69},
    doi = {10.1103/RevModPhys.23.69},
    issn = {0034-6861}
}

@article{Zahid2017,
    title = {{New Insight into the Origin of the Red/Near-Infrared Intense Fluorescence of a Crystalline 2-Hydroxychalcone Derivative: A Comprehensive Picture from the Excited-State Femtosecond Dynamics}},
    year = {2017},
    journal = {J. Phys. Chem. Lett.},
    author = {Zahid, N. Idayu and Mahmood, Mohamad Syafie and Subramanian, Balamurugan and Mohd Said, Suhana and Abou-Zied, Osama K.},
    pages = {5603--5608},
    url = {http://pubs.acs.org/doi/abs/10.1021/acs.jpclett.7b02601},
    doi = {10.1021/acs.jpclett.7b02601},
    issn = {1948-7185}
}

@article{Barbatti2014,
    title = {{Newton-X: A surface-hopping program for nonadiabatic molecular dynamics}},
    year = {2014},
    journal = {Wiley Interdiscip. Rev. Comput. Mol. Sci.},
    author = {Barbatti, Mario and Ruckenbauer, Matthias and Plasser, Felix and Pittner, Jiri and Granucci, Giovanni and Persico, Maurizio and Lischka, Hans},
    number = {1},
    pages = {26--33},
    volume = {4},
    isbn = {1759-0876},
    doi = {10.1002/wcms.1158},
    issn = {17590876}
}

@article{Jin2015,
    title = {{NIR Luminescence for the Detection of Latent Fingerprints Based on ESIPT and AIE Processes}},
    year = {2015},
    journal = {RSC Adv.},
    author = {Jin, Xiaodong and Dong, Libo and Di, Xiaoyu and Huang, Hai and Liu, Jingning and Sun, Xiaoli and Zhang, Xueqiong and Zhu, Hongjun},
    pages = {87306--87310},
    volume = {5},
    publisher = {Royal Society of Chemistry},
    url = {http://pubs.rsc.org/en/Content/ArticleLanding/2015/RA/C5RA16614D},
    doi = {10.1039/C5RA16614D},
    issn = {2046-2069}
}

@article{Barbatti2011,
    title = {{Nonadiabatic dynamics with trajectory surface hopping method}},
    year = {2011},
    journal = {Wiley Interdiscip. Rev. Comput. Mol. Sci.},
    author = {Barbatti, Mario},
    number = {4},
    month = {7},
    pages = {620--633},
    volume = {1},
    url = {http://doi.wiley.com/10.1002/wcms.64},
    doi = {10.1002/wcms.64},
    issn = {17590876}
}

@article{Sporkel2013,
    title = {{Nonequilibrium H/D Isotope Effects from Trajectory-Based Nonadiabatic Dynamics}},
    year = {2014},
    journal = {J. Phys. Chem. A},
    author = {Sp{\"{o}}rkel, Lasse and Cui, Ganglong and Koslowski, Axel and Thiel, Walter},
    number = {1},
    month = {1},
    pages = {152--157},
    volume = {118},
    url = {http://www.ncbi.nlm.nih.gov/pubmed/24328181 http://pubs.acs.org/doi/10.1021/jp4120749},
    doi = {10.1021/jp4120749},
    issn = {1089-5639},
    pmid = {24328181}
}

@article{Sporkel2013b,
    title = {{Nonequilibrium H/D Isotope Effects from Trajectory-Based Nonadiabatic Dynamics}},
    year = {2014},
    journal = {J. Phys. Chem. A},
    author = {Sp{\"{o}}rkel, Lasse and Cui, Ganglong and Koslowski, Axel and Thiel, Walter},
    number = {1},
    month = {1},
    pages = {152--157},
    volume = {118},
    url = {http://www.ncbi.nlm.nih.gov/pubmed/24328181 http://pubs.acs.org/doi/10.1021/jp4120749},
    doi = {10.1021/jp4120749},
    issn = {1089-5639},
    pmid = {24328181}
}

@article{Moller1934,
    title = {{Note on an approximation treatment for many-electron systems}},
    year = {1934},
    journal = {Phys. Rev.},
    author = {M{\o}ller, Chr and Plesset, M. S.},
    number = {7},
    pages = {618--622},
    volume = {46},
    isbn = {Copyright (C) 2010 The American Physical Society},
    doi = {10.1103/PhysRev.46.618},
    issn = {0031899X},
    pmid = {16589036}
}

@article{Cizek1966,
    title = {{On the correlation problem in atomic and molecular systems. Calculation of wavefunction components in Ursell-type expansion using quantum-field theoretical methods}},
    year = {1966},
    journal = {J. Chem. Phys.},
    author = {{\v{C}}{\'{i}}{\v{z}}ek, Jiří},
    number = {11},
    month = {2},
    pages = {4256--4266},
    volume = {45},
    url = {http://link.springer.com/10.1007/s002140050033},
    isbn = {0021-9606},
    doi = {10.1007/s002140050033},
    issn = {1432-881X},
    pmid = {2770},
    keywords = {Cluster theory, Correlation problem, Coupled, Diagrammatic methods, Many-body theory, Size-entensivity}
}

@article{Manaa1993,
    title = {{On the intersection of two potential energy surfaces of the same symmetry. Systematic characterization using a Lagrange multiplier constrained procedure}},
    year = {1993},
    journal = {J. Chem. Phys.},
    author = {Manaa, M. Riad and Yarkony, David R.},
    number = {7},
    month = {10},
    pages = {5251--5256},
    volume = {99},
    url = {http://aip.scitation.org/doi/10.1063/1.465993},
    doi = {10.1063/1.465993},
    issn = {0021-9606},
    pmid = {7893671},
    arxivId = {10.1021/nn504795v}
}

@article{Rivera2018,
    title = {{ONIOM(QM:QM') Electrostatic Embedding Schemes for Photochemistry in Molecular Crystals}},
    year = {2018},
    journal = {10.26434/chemrxiv.7364768.v1},
    author = {Rivera, Miguel and Dommett, Michael and Otero, Rachel Crespo},
    url = {https://chemrxiv.org/articles/ONIOM_QM_QM_Electrostatic_Embedding_Schemes_for_Photochemistry_in_Molecular_Crystals/7364768},
    doi = {10.26434/chemrxiv.7364768.v1}
}

@article{Presti2016a,
    title = {{Optical properties of the dibenzothiazolylphenol molecular crystals through ONIOM calculations: the effect of the electrostatic embedding scheme}},
    year = {2016},
    journal = {Theor. Chem. Acc.},
    author = {Presti, Davide and Pedone, Alfonso and Ciofini, Ilaria and Labat, Frédéric and Menziani, Maria Cristina and Adamo, Carlo},
    number = {4},
    pages = {1--11},
    volume = {135},
    publisher = {Springer Berlin Heidelberg},
    doi = {10.1007/s00214-016-1808-x},
    issn = {1432881X},
    keywords = {ESIPT fluorophores, Electrostatic embedding, Molecular crystals, ONIOM, TD-DFT}
}

@article{Pittner2009,
    title = {{Optimization of mixed quantum-classical dynamics: Time-derivative coupling terms and selected couplings}},
    year = {2009},
    journal = {Chem. Phys.},
    author = {Pittner, Jiri and Lischka, Hans and Barbatti, Mario},
    number = {1-3},
    pages = {147--152},
    volume = {356},
    publisher = {Elsevier B.V.},
    url = {http://dx.doi.org/10.1016/j.chemphys.2008.10.013},
    isbn = {0301-0104},
    doi = {10.1016/j.chemphys.2008.10.013},
    issn = {03010104},
    keywords = {Mixed-quantum classical dynamics, Non-adiabatic coupling}
}

@article{Levine2008,
    title = {{Optimizing Conical Intersections Without Derivative Coupling Vectors: Application to Multistate Multireference Second-Order Perturbation Theory (MS-CASPT2)}},
    year = {2008},
    journal = {J. Phys. Chem. B},
    author = {Levine, Benjamin G. and Coe, Joshua D. and Mart{\'{i}}nez, Todd J.},
    number = {2},
    pages = {405--413},
    volume = {112},
    isbn = {1520-6106 (Print){\textbackslash}r1520-5207 (Linking)},
    doi = {10.1021/jp0761618},
    issn = {15206106},
    pmid = {18081339}
}

@article{Cheng2015,
    title = {{Organic Crystals with Near-Infrared Amplified Spontaneous Emissions Based on 2′-Hydroxychalcone Derivatives: Subtle Structure Modification but Great Property Change}},
    year = {2015},
    journal = {Angew. Chem., Int. Ed.},
    author = {Cheng, Xiao and Wang, Kai and Huang, Shuo and Zhang, Houyu and Zhang, Hongyu and Wang, Yue},
    pages = {8369--8373},
    volume = {54},
    doi = {10.1002/anie.201503914},
    issn = {14337851},
    pmid = {26036645}
}

@article{Kim2011,
    title = {{Organic light-emitting diodes with a white-emitting molecule: Emission mechanism and device characteristics}},
    year = {2011},
    journal = {Adv. Funct. Mater.},
    author = {Kim, Se Hun and Park, Sanghyuk and Kwon, Ji Eon and Park, Soo Young},
    number = {4},
    pages = {644--651},
    volume = {21},
    isbn = {1616-3028},
    doi = {10.1002/adfm.201001779},
    issn = {1616301X},
    keywords = {excited-state intramolecular proton transfer, multicolored emission, organic light-emitting diodes, white emission}
}

@article{Ostroverkhova2016,
    title = {{Organic Optoelectronic Materials: Mechanisms and Applications}},
    year = {2016},
    journal = {Chem. Rev.},
    author = {Ostroverkhova, Oksana},
    number = {22},
    pages = {13279--13412},
    volume = {116},
    isbn = {0009-2665},
    doi = {10.1021/acs.chemrev.6b00127},
    issn = {15206890},
    pmid = {27723323}
}

@article{Gierschner2016,
    title = {{Organic Single Crystal Lasers: A Materials View}},
    year = {2016},
    journal = {Adv. Opt. Mater.},
    author = {Gierschner, Johannes and Varghese, Shinto and Park, Soo Young},
    number = {3},
    pages = {348--364},
    volume = {4},
    doi = {10.1002/adom.201500531},
    issn = {21951071},
    keywords = {ASE, Conjugated materials, Lasing, Optoelectronics, Organic single crystals}
}

@article{Crespo-Otero2014,
    title = {{Photo-stability of peptide-bond aggregates: N-methylformamide dimers}},
    year = {2014},
    journal = {Phys. Chem. Chem. Phys.},
    author = {Crespo-Otero, Rachel and Mardykov, Artur and Sanchez-Garcia, Elsa and Sander, Wolfram and Barbatti, Mario},
    number = {35},
    pages = {18877--18887},
    volume = {16},
    publisher = {Royal Society of Chemistry},
    url = {http://xlink.rsc.org/?DOI=C4CP02518K},
    isbn = {1463-9076},
    doi = {10.1039/C4CP02518K},
    issn = {1463-9076},
    pmid = {25081138}
}

@article{Matsushima1985,
    title = {{Photochemical Cyclization of 2’-Hydroxychalcones}},
    year = {1985},
    journal = {J. Chem. Soc., Perkin Trans. 1},
    author = {Matsushima, R and Kageyama, H},
    pages = {743}
}

@article{Norikane2002,
    title = {{Photochemistry of 2'-hydroxychalcone. One-way cis-trans photoisomerization induced by adiabatic intramolecular hydrogen atom transfer}},
    year = {2002},
    journal = {J. Phys. Chem. A},
    author = {Norikane, Yasuo and Itoh, Hiroki and Arai, Tatsuo},
    number = {11},
    pages = {2766--2776},
    volume = {106},
    doi = {10.1021/jp0133081},
    issn = {10895639}
}

@article{Zhang2013,
    title = {{Photochromic materials: More than meets the eye}},
    year = {2013},
    journal = {Adv. Mater.},
    author = {Zhang, Junji and Zou, Qi and Tian, He},
    number = {3},
    pages = {378--399},
    volume = {25},
    isbn = {0935-9648},
    doi = {10.1002/adma.201201521},
    issn = {09359648},
    pmid = {22911949}
}

@article{Kaneda2003a,
    title = {{Photoinduced hydrogen atom transfer in trans-1-(1'-hydroxy-2'-naphthyl)-3-(1-naphthyl)-2-propen-1-one}},
    year = {2003},
    journal = {Photochem. Photobiol. Sci.},
    author = {Kaneda, Kaoru and Arai, Tatsuo.},
    number = {4},
    pages = {402},
    volume = {2},
    url = {http://xlink.rsc.org/?DOI=b211834n},
    doi = {10.1039/b211834n},
    issn = {1474-905X},
    keywords = {photoinduced hydrogen transfer hydroxynaphthylnaph}
}

@incollection{Spano,
    title = {{Photophysical Properties of Molecular Aggregates “101”}},
    booktitle = {The WSPC Reference on Organic Electronics: Organic Semiconductors},
    author = {Spano, Frank C and Beljonne, David},
    chapter = {4},
    pages = {93--130},
    publisher = {World Scientific Publishing Co Pte Ltd},
    url = {https://www.worldscientific.com/doi/abs/10.1142/9789813148598_0004},
    doi = {10.1142/9789813148598{\_}0004}
}

@article{Sobolewski2006a,
    title = {{Photophysics of intramolecularly hydrogen-bonded aromatic systems: Ab initio exploration of the excited-state deactivation mechanisms of salicylic acid}},
    year = {2006},
    journal = {Phys. Chem. Chem. Phys.},
    author = {Sobolewski, Andrzej L. and Domcke, Wolfgang},
    number = {29},
    pages = {3410--3417},
    volume = {8},
    doi = {10.1039/b604610j},
    issn = {14639076},
    pmid = {16855719}
}

@article{Sobolewski2006,
    title = {{Photophysics of organic photostabilizers. Ab initio study of the excited-state deactivation mechanisms of 2-(2′-hydroxyphenyl)benzotriazole}},
    year = {2006},
    journal = {J. Phys. Chem. A},
    author = {Sobolewski, Andrzej L. and Domcke, Wolfgang and H{\"{a}}ttig, Christof},
    number = {19},
    pages = {6301--6306},
    volume = {110},
    isbn = {1089-5639},
    doi = {10.1021/jp0574798},
    issn = {10895639},
    pmid = {16686466}
}

@article{Trofimov1997,
    title = {{Polarization propagator study of electronic excitation in key heterocyclic molecules I. Pyrrole}},
    year = {1997},
    journal = {Chem. Phys.},
    author = {Trofimov, A.B. and Schirmer, J.},
    number = {2-3},
    month = {1},
    pages = {153--170},
    volume = {214},
    url = {http://linkinghub.elsevier.com/retrieve/pii/S0301010496003035},
    doi = {10.1016/S0301-0104(96)00303-5},
    issn = {03010104}
}

@article{Cheng2017a,
    title = {{Potential Functional Embedding Theory at the Correlated Wave Function Level. 1. Mixed Basis Set Embedding}},
    year = {2017},
    journal = {J. Chem. Theory Comput.},
    author = {Cheng, Jin and Libisch, Florian and Yu, Kuang and Chen, Mohan and Dieterich, Johannes M. and Carter, Emily A.},
    number = {3},
    month = {3},
    pages = {1067--1080},
    volume = {13},
    url = {http://pubs.acs.org/doi/abs/10.1021/acs.jctc.6b01011 http://pubs.acs.org/doi/10.1021/acs.jctc.6b01011 http://pubs.acs.org/doi/10.1021/acs.jctc.6b01010},
    doi = {10.1021/acs.jctc.6b01010},
    issn = {1549-9618}
}

@article{Cheng2017,
    title = {{Potential Functional Embedding Theory at the Correlated Wave Function Level. 2. Error Sources and Performance Tests}},
    year = {2017},
    journal = {J. Chem. Theory Comput.},
    author = {Cheng, Jin and Yu, Kuang and Libisch, Florian and Dieterich, Johannes M. and Carter, Emily A.},
    number = {3},
    month = {3},
    pages = {1081--1093},
    volume = {13},
    url = {http://pubs.acs.org/doi/abs/10.1021/acs.jctc.6b01011 http://pubs.acs.org/doi/10.1021/acs.jctc.6b01011},
    doi = {10.1021/acs.jctc.6b01011},
    issn = {1549-9618}
}

@article{Campbell2017,
    title = {{Predicted energy–structure–function maps for the evaluation of small molecule organic semiconductors}},
    year = {2017},
    journal = {J. Mater. Chem. C},
    author = {Campbell, Josh E. and Yang, Jack and Day, Graeme M.},
    number = {30},
    pages = {7574--7584},
    volume = {5},
    publisher = {Royal Society of Chemistry},
    url = {http://xlink.rsc.org/?DOI=C7TC02553J},
    doi = {10.1039/C7TC02553J},
    issn = {2050-7526}
}

@article{Baker2015,
    title = {{Probing the Ultrafast Energy Dissipation Mechanism of the Sunscreen Oxybenzone after UVA Irradiation}},
    year = {2015},
    journal = {J. Phys. Chem. Lett.},
    author = {Baker, Lewis a. and Horbury, Michael D. and Greenough, Simon E. and Coulter, Philip M. and Karsili, Tolga N. V. and Roberts, Gareth M. and Orr-Ewing, Andrew J. and Ashfold, Michael N. R. and Stavros, Vasilios G.},
    pages = {1363--1368},
    volume = {6},
    url = {http://pubs.acs.org/doi/abs/10.1021/acs.jpclett.5b00417},
    doi = {10.1021/acs.jpclett.5b00417},
    issn = {1948-7185}
}

@article{Kasha1986,
    title = {{Proton-transfer Spectroscopy}},
    year = {1986},
    journal = {J. Chem. Soc., Faraday Trans.},
    author = {Kasha, Michael},
    pages = {2379--2392},
    volume = {82}
}

@article{Schrodinger1926,
    title = {{Quantisierung als Eigenwertproblem}},
    year = {1926},
    journal = {Ann. Phys.},
    author = {Schr{\"{o}}dinger, E.},
    number = {6},
    pages = {489--527},
    volume = {384},
    url = {http://doi.wiley.com/10.1002/andp.19263840404 http://doi.wiley.com/10.1002/andp.19263840602},
    isbn = {1521-3889},
    doi = {10.1002/andp.19263840602},
    issn = {00033804},
    pmid = {22029474},
    arxivId = {1. Konstante, D. {\&} Rtets, V. D. M. N(g, {\%}) =. 361–376}
}

@article{Norikane2003,
    title = {{Quantum Chemical Studies on Photoinduced Cis-Trans Isomerization and Intramolecular Hydrogen Atom Transfer of 2 ′ -Hydroxychalcone}},
    year = {2003},
    journal = {J. Phys. Chem. A},
    author = {Norikane, Yasuo and Nakayama, Naofumi and Tamaoki, Nobuyuki and Arai, Tatsuo and Nagashima, Umpei},
    pages = {8659--8664},
    volume = {107}
}

@article{Li2011,
    title = {{Quantum chemistry study on internal conversion of diphenyldibenzofulvene in solid phase.}},
    year = {2011},
    journal = {J. Phys. Chem. A},
    author = {Li, Ming-Chung and Hayashi, Michitoshi and Lin, Sheng-hsien},
    number = {50},
    pages = {14531--8},
    volume = {115},
    url = {http://www.ncbi.nlm.nih.gov/pubmed/22047212},
    isbn = {1089-5639},
    doi = {10.1021/jp208199t},
    issn = {1520-5215},
    pmid = {22047212}
}

@article{QE-2009,
    title = {{QUANTUM ESPRESSO: a modular and open-source software project for quantum simulations of materials}},
    year = {2009},
    journal = {J. Phys. Condens. Matter},
    author = {Giannozzi, Paolo and Baroni, Stefano and Bonini, Nicola and Calandra, Matteo and Car, Roberto and Cavazzoni, Carlo and Ceresoli, Davide and Chiarotti, Guido L and Cococcioni, Matteo and Dabo, Ismaila and Dal Corso, Andrea and de Gironcoli, Stefano and Fabris, Stefano and Fratesi, Guido and Gebauer, Ralph and Gerstmann, Uwe and Gougoussis, Christos and Kokalj, Anton and Lazzeri, Michele and Martin-Samos, Layla and Marzari, Nicola and Mauri, Francesco and Mazzarello, Riccardo and Paolini, Stefano and Pasquarello, Alfredo and Paulatto, Lorenzo and Sbraccia, Carlo and Scandolo, Sandro and Sclauzero, Gabriele and Seitsonen, Ari P and Smogunov, Alexander and Umari, Paolo and Wentzcovitch, Renata M},
    number = {39},
    pages = {395502},
    volume = {21},
    url = {http://www.quantum-espresso.org}
}

@article{Yuan2014,
    title = {{Rational design of fluorescent light-up probes based on an AIE luminogen for targeted intracellular thiol imaging}},
    year = {2014},
    journal = {Chem. Commun.},
    author = {Yuan, Youyong and Kwok, Ryan T. K. and Feng, Guangxue and Liang, Jing and Geng, Junlong and Tang, Ben Zhong and Liu, Bin},
    number = {3},
    pages = {295--297},
    volume = {50},
    url = {http://xlink.rsc.org/?DOI=C3CC47585A},
    isbn = {1364-548X (Electronic){\textbackslash}r1359-7345 (Linking)},
    doi = {10.1039/C3CC47585A},
    issn = {1359-7345},
    pmid = {24244944}
}

@article{Crespo-Otero2018,
    title = {{Recent Advances and Perspectives on Nonadiabatic Mixed Quantum-Classical Dynamics}},
    year = {2018},
    journal = {Chem. Rev.},
    author = {Crespo-Otero, Rachel and Barbatti, Mario},
    number = {15},
    pages = {7026--7068},
    volume = {118},
    publisher = {American Chemical Society},
    doi = {10.1021/acs.chemrev.7b00577},
    issn = {15206890}
}

@incollection{Casida1995,
    title = {{Recent Advances in Density Functional Methods}},
    year = {1995},
    booktitle = {Recent Advances in Computational Chemistry},
    author = {Casida, Mark E.},
    editor = {Chong, D.E},
    pages = {155--192},
    publisher = {World Scientific},
    address = {Singapore}
}

@article{Singh2014,
    title = {{Recent Developments in Biological Activities of Chalcones: A Mini Review}},
    year = {2014},
    journal = {Eur. J. Med. Chem.},
    author = {Singh, Parvesh and Anand, Amit and Kumar, Vipan},
    pages = {758--777},
    volume = {85},
    publisher = {Elsevier Masson SAS},
    url = {http://dx.doi.org/10.1016/j.ejmech.2014.08.033},
    isbn = {1768-3254},
    doi = {10.1016/j.ejmech.2014.08.033},
    issn = {17683254},
    pmid = {25137491},
    keywords = {Anti-HIV, Anticancer agents, Antimalarials, Antimicrobials, Antiprotozal, Chalcones}
}

@article{Singh2014b,
    title = {{Recent Developments in Biological Activities of Chalcones: A Mini Review}},
    year = {2014},
    journal = {Eur. J. Med. Chem.},
    author = {Singh, Parvesh and Anand, Amit and Kumar, Vipan},
    pages = {758--777},
    volume = {85},
    publisher = {Elsevier Masson SAS},
    url = {http://dx.doi.org/10.1016/j.ejmech.2014.08.033},
    isbn = {1768-3254},
    doi = {10.1016/j.ejmech.2014.08.033},
    issn = {17683254},
    pmid = {25137491},
    keywords = {Anti-HIV, Anticancer agents, Antimalarials, Antimicrobials, Antiprotozal, Chalcones}
}

@article{Hsieh2010,
    title = {{Recent Experimental Advances on Excited-State Intramolecular Proton Coupled Electron Transfer Reaction}},
    year = {2010},
    journal = {Acc. Chem. Res.},
    author = {Hsieh, Cheng-Chih and Jiang, Chang-Ming and Chou, Pi-Tai},
    number = {10},
    pages = {1364--1374},
    volume = {43},
    url = {http://pubs.acs.org/doi/abs/10.1021/ar1000499},
    isbn = {0001-4842},
    doi = {10.1021/ar1000499},
    issn = {0001-4842},
    pmid = {20954751}
}

@article{Teshima2009,
    title = {{Red fluorescence from tautomers of 2′-hydroxychalcones induced by intramolecular hydrogen atom transfer}},
    year = {2009},
    journal = {New J. Chem.},
    author = {Teshima, Takeshi and Takeishi, Madoka and Arai, Tatsuo},
    number = {6},
    pages = {1393},
    volume = {33},
    url = {http://pubs.rsc.org/en/content/articlehtml/2009/nj/b823431k},
    doi = {10.1039/b823431k},
    issn = {1144-0546}
}

@article{Arago2016,
    title = {{Regimes of Exciton Transport in Molecular Crystals in the Presence of Dynamic Disorder}},
    year = {2016},
    journal = {Adv. Funct. Mater.},
    author = {Arag{\'{o}}, Juan and Troisi, Alessandro},
    number = {14},
    pages = {2316--2325},
    volume = {26},
    doi = {10.1002/adfm.201503888},
    issn = {16163028},
    keywords = {coherence, diabatic states, electron energy transfer, quantum dynamics, solar cells}
}

@article{Stein2009a,
    title = {{Reliable Prediction of Charge Transfer Excitations in Molecular Complexes Using Time-Dependent Density Functional Theory}},
    year = {2009},
    journal = {J. Am. Chem. Soc.},
    author = {Stein, Tamar and Kronik, Leeor and Baer, Roi},
    number = {8},
    pages = {2818--2820},
    volume = {131},
    url = {http://pubs.acs.org/doi/abs/10.1021/ja8087482},
    isbn = {0002-7863},
    doi = {10.1021/ja8087482},
    issn = {0002-7863},
    pmid = {19239266}
}

@article{Peng2016,
    title = {{Restricted access to a conical intersection to explain aggregation induced emission in dimethyl tetraphenylsilole}},
    year = {2016},
    journal = {J. Mater. Chem. C},
    author = {Peng, Xing-Liang and Ruiz-Barragan, Sergi and Li, Ze-Sheng and Li, Quan-Song and Blancafort, Lluís},
    number = {14},
    pages = {2802--2810},
    volume = {4},
    url = {http://dx.doi.org/10.1039/C5TC03322E},
    doi = {10.1039/C5TC03322E},
    issn = {2050-7526}
}

@article{Peng2016b,
    title = {{Restricted access to a conical intersection to explain aggregation induced emission in dimethyl tetraphenylsilole}},
    year = {2016},
    journal = {J. Mater. Chem. C},
    author = {Peng, Xing-Liang and Ruiz-Barragan, Sergi and Li, Ze-Sheng and Li, Quan-Song and Blancafort, Lluís},
    number = {14},
    pages = {2802--2810},
    volume = {4},
    url = {http://dx.doi.org/10.1039/C5TC03322E},
    doi = {10.1039/C5TC03322E},
    issn = {2050-7526}
}

@article{Leung2014,
    title = {{Restriction of intramolecular motions: The general mechanism behind aggregation-induced emission}},
    year = {2014},
    journal = {Chem. Eur. J.},
    author = {Leung, Nelson L.C. and Xie, Ni and Yuan, Wangzhang and Liu, Yang and Wu, Qunyan and Peng, Qian and Miao, Qian and Lam, Jacky W.Y. and Tang, Ben Zhong},
    number = {47},
    pages = {15349--15353},
    volume = {20},
    isbn = {1521-3765 (Electronic) 0947-6539 (Linking)},
    doi = {10.1002/chem.201403811},
    issn = {15213765},
    pmid = {25303769},
    keywords = {Aggregation-induced emission, Intramolecular motions, Intramolecular rotations, Intramolecular vibrations, Tetraphenylethene}
}

@article{Martinez2012,
    title = {{Rethinking the term "pi-stacking"}},
    year = {2012},
    journal = {Chem. Sci.},
    author = {Martinez, Chelsea R. and Iverson, Brent L.},
    number = {7},
    pages = {2191--2201},
    volume = {3},
    isbn = {2041-6520},
    doi = {10.1039/c2sc20045g},
    issn = {20416539},
    pmid = {84862202391}
}

@article{Wilbraham2018a,
    title = {{Revealing the Origins of Mechanically Induced Fluorescence Changes in Organic Molecular Crystals}},
    year = {2018},
    journal = {Adv. Mater.},
    author = {Wilbraham, Liam and Louis, Marine and Alberga, Domenico and Brosseau, Arnaud and Guillot, Régis and Ito, Fuyuki and Labat, Frédéric and M{\'{e}}tivier, Rémi and Allain, Clémence and Ciofini, Ilaria},
    number = {28},
    pages = {1--8},
    volume = {30},
    doi = {10.1002/adma.201800817},
    issn = {15214095},
    keywords = {DFT calculations, mechanofluorochromism, prediction of emission from amorphous phases, structure–property relationships, theoretical approaches}
}

@article{Lee2013,
    title = {{Room temperature phosphorescence of metal-free organic materials in amorphous polymer matrices}},
    year = {2013},
    journal = {J. Am. Chem. Soc.},
    author = {Lee, Dongwook and Bolton, Onas and Kim, Byoung Choul and Youk, Ji Ho and Takayama, Shuichi and Kim, Jinsang},
    number = {16},
    pages = {6325--6329},
    volume = {135},
    isbn = {0002-7863},
    doi = {10.1021/ja401769g},
    issn = {00027863},
    pmid = {23521108}
}

@misc{scipy,
    title = {{SciPy: Open source scientific tools for Python}},
    author = {Jones, Eric and Oliphant, Travis and Peterson, Pearu and {others}},
    url = {http://www.scipy.org/}
}

@article{Andersson1992,
    title = {{Second-order perturbation theory with a complete active space self-consistent field reference function}},
    year = {1992},
    journal = {J. Chem. Phys.},
    author = {Andersson, Kerstin and Malmqvist, Per Åke and Roos, Björn O.},
    number = {2},
    pages = {1218--1226},
    volume = {96},
    isbn = {0021-9606},
    doi = {10.1063/1.462209},
    issn = {00219606},
    pmid = {2764}
}

@article{Kohn1965,
    title = {{Self-Consistent Equations Including Exchange and Correlation Effects}},
    year = {1965},
    journal = {Phys. Rev.},
    author = {Kohn, W. and Sham, L. J.},
    number = {4A},
    month = {11},
    pages = {A1133-A1138},
    volume = {140},
    url = {https://link.aps.org/doi/10.1103/PhysRev.140.A1133},
    isbn = {9783540373674},
    doi = {10.1103/PhysRev.140.A1133},
    issn = {0031-899X},
    pmid = {20432011},
    arxivId = {10.1103/PhysRev.140.A1133}
}

@article{Haase1993,
    title = {{Semidirect MP2 gradient evaluation on workstation computers: The MPGRAD program}},
    year = {1993},
    journal = {J. Comput. Chem.},
    author = {Haase, Frank and Ahlrichs, Reinhart},
    number = {8},
    pages = {907--912},
    volume = {14},
    url = {http://dx.doi.org/10.1002/jcc.540140805%5Cnhttp://doi.wiley.com/10.1002/jcc.540140805},
    isbn = {0192-8651},
    doi = {10.1002/jcc.540140805},
    issn = {1096-987X}
}

@article{Ramos-Cordoba2017,
    title = {{Separation of dynamic and nondynamic correlation}},
    year = {2016},
    journal = {Phys. Chem. Chem. Phys.},
    author = {Ramos-Cordoba, Eloy and Salvador, Pedro and Matito, Eduard},
    number = {34},
    month = {8},
    pages = {24015--24023},
    volume = {18},
    publisher = {Royal Society of Chemistry},
    url = {http://arxiv.org/abs/1608.04266 http://dx.doi.org/10.1039/C6CP03072F http://xlink.rsc.org/?DOI=C6CP03072F},
    doi = {10.1039/C6CP03072F},
    issn = {1463-9076},
    arxivId = {1608.04266}
}

@article{Gozem2014,
    title = {{Shape of Multireference, Equation-of-Motion Coupled-Cluster, and Density Functional Theory Potential Energy Surfaces at a Conical Intersection}},
    year = {2014},
    journal = {J. Chem. Theory Comput.},
    author = {Gozem, Samer and Melaccio, Federico and Valentini, Alessio and Filatov, Michael and Huix-Rotllant, Miquel and Ferr{\'{e}}, Nicolas and Frutos, Luis Manuel and Angeli, Celestino and Krylov, Anna I and Granovsky, Alexander a and Lindh, Roland and Olivucci, Massimo},
    number = {8},
    month = {8},
    pages = {3074--3084},
    volume = {10},
    url = {syncii:/Gozem Journal of Chemical Theory and Computation 2.pdf http://pubs.acs.org/doi/10.1021/ct500154k},
    doi = {10.1021/ct500154k},
    issn = {1549-9618}
}

@article{Tang2016,
    title = {{Single-benzene solid emitters with lasing properties based on aggregation-induced emissions}},
    year = {2016},
    journal = {Chem. Commun.},
    author = {Tang, Baolei and Liu, Huapeng and Li, Feng and Wang, Yue and Zhang, Hongyu},
    number = {39},
    pages = {6577--6580},
    volume = {52},
    publisher = {Royal Society of Chemistry},
    url = {http://xlink.rsc.org/?DOI=C6CC02616H},
    doi = {10.1039/C6CC02616H},
    issn = {1359-7345}
}

@article{Stehr2014,
    title = {{Singlet Exciton Diffusion in Organic Crystals Based on Marcus Transfer Rates}},
    year = {2014},
    journal = {J. Chem. Theory Comput.},
    author = {Stehr, Vera and Fink, Reinhold F. and Engels, Bernd and Pflaum, Jens and Deibel, Carsten},
    number = {3},
    pages = {1242--1255},
    volume = {10},
    doi = {10.1021/ct500014h},
    issn = {15499626}
}

@article{Shi2017,
    title = {{Solid State Luminescence Enhancement in {$\pi$}-Conjugated Materials: Unraveling the Mechanism beyond the Framework of AIE/AIEE}},
    year = {2017},
    journal = {J. Phys. Chem. C},
    author = {Shi, Junqing and Aguilar Suarez, Luis E. and Yoon, Seong Jun and Varghese, Shinto and Serpa, Carlos and Park, Soo Young and L{\"{u}}er, Larry and Roca-Sanju{\'{a}}n, Daniel and Mili{\'{a}}n-Medina, Begoña and Gierschner, Johannes},
    number = {41},
    pages = {23166--23183},
    volume = {121},
    doi = {10.1021/acs.jpcc.7b08060},
    issn = {19327455}
}

@article{Song2018,
    title = {{Solvent Polarity Dependent Excited State Dynamics of 2′-Hydroxychalcone Derivatives}},
    year = {2018},
    journal = {J. Phys. Chem. C},
    author = {Song, Hongwei and Kuang, Zhuoran and Wang, Xian and Guo, Yuanyuan and Guo, Qianjin and Zhang, Hongyu and Xia, Andong},
    number = {27},
    pages = {15108--15117},
    volume = {122},
    publisher = {American Chemical Society},
    doi = {10.1021/acs.jpcc.8b03133},
    issn = {19327455}
}

@article{Nishiuchi2013,
    title = {{Solvent-Induced Crystalline-State Emission and Multichromism of a Bent {$\pi$}-Surface System Composed of Dibenzocyclooctatetraene Units}},
    year = {2013},
    journal = {Chem. Eur. J.},
    author = {Nishiuchi, Tomohiko and Tanaka, Keita and Kuwatani, Yoshiyuki and Sung, Jooyoung and Nishinaga, Tohru and Kim, Dongho and Iyoda, Masahiko},
    number = {13},
    month = {3},
    pages = {4110--4116},
    volume = {19},
    url = {http://doi.wiley.com/10.1002/chem.201203952},
    isbn = {0947-6539},
    doi = {10.1002/chem.201203952},
    issn = {09476539},
    pmid = {23460399},
    keywords = {cyclooctatetraenes, molecular dynamics, nonplanar {$\pi$} systems, solid-state emission, thermochromism, vapochromism}
}

@article{Zhang2015a,
    title = {{Spectroscopic Signature of the aggregation-induced emission phenomena caused by restricted nonradiative decay: A theoretical proposal}},
    year = {2015},
    journal = {J. Phys. Chem. C},
    author = {Zhang, Tian and Ma, Huili and Niu, Yingli and Li, Wenqiang and Wang, Dong and Peng, Qian and Shuai, Zhigang and Liang, Wan Zhen},
    number = {9},
    pages = {5040--5047},
    volume = {119},
    isbn = {1932-7447},
    doi = {10.1021/acs.jpcc.5b01323},
    issn = {19327455}
}

@article{Crespo-Otero2012,
    title = {{Spectrum simulation and decomposition with nuclear ensemble: Formal derivation and application to benzene, furan and 2-phenylfuran}},
    year = {2012},
    journal = {Theor. Chem. Acc.},
    author = {Crespo-Otero, Rachel and Barbatti, Mario},
    number = {6},
    pages = {1--14},
    volume = {131},
    doi = {10.1007/s00214-012-1237-4},
    issn = {1432881X},
    keywords = {2-Phenylfuran, Absorption, Electronic spectrum, Excimer, Fluorescence, Spectrum simulation}
}

@article{Crespo-Otero2012b,
    title = {{Spectrum simulation and decomposition with nuclear ensemble: Formal derivation and application to benzene, furan and 2-phenylfuran}},
    year = {2012},
    journal = {Theor. Chem. Acc.},
    author = {Crespo-Otero, Rachel and Barbatti, Mario},
    number = {6},
    pages = {1--14},
    volume = {131},
    doi = {10.1007/s00214-012-1237-4},
    issn = {1432881X},
    keywords = {2-Phenylfuran, Absorption, Electronic spectrum, Excimer, Fluorescence, Spectrum simulation}
}

@article{Park2012,
    title = {{Strategic emission color tuning of highly fluorescent imidazole-based excited-state intramolecular proton transfer molecules}},
    year = {2012},
    journal = {Phys. Chem. Chem. Phys.},
    author = {Park, Sanghyuk and Kwon, Ji Eon and Park, Soo Young},
    number = {25},
    pages = {8878--8884},
    volume = {14},
    isbn = {1463-9076},
    doi = {10.1039/c2cp23894b},
    issn = {14639076},
    pmid = {22618241}
}

@article{Serdiuk2018,
    title = {{Structural and Spectral Features of 4'-Substituted 2'-Hydroxychalcones in Solutions and Crystals: Spectroscopic and Theoretical Investigations}},
    year = {2018},
    journal = {J. Phys. Chem. A},
    author = {Serdiuk, Illia E. and Wera, Michał and Roshal, Alexander D.},
    pages = {acs.jpca.7b10361},
    url = {http://pubs.acs.org/doi/10.1021/acs.jpca.7b10361},
    doi = {10.1021/acs.jpca.7b10361},
    issn = {1089-5639}
}

@article{Grabowski2003,
    title = {{Structural Changes Accompanying Intramolecular Electron Transfer: Focus on Twisted Intramolecular Charge-Transfer States and Structures}},
    year = {2003},
    journal = {Chem. Rev.},
    author = {Grabowski, Zbigniew R. and Rotkiewicz, Krystyna and Rettig, Wolfgang},
    number = {10},
    pages = {3899--4031},
    volume = {103},
    isbn = {0009-2665},
    doi = {10.1021/cr940745l},
    issn = {00092665},
    pmid = {14531716}
}

@article{Li2005,
    title = {{Structural Control of the Photoluminescence of Silole Regioisomers and Their Utility as Sensitive Regiodiscriminating Chemosensors and Efficient Electroluminescent Materials}},
    year = {2005},
    journal = {J. Phys. Chem. B},
    author = {Li, Zhen and Dong, Yongqiang and Mi, Baoxiu and Tang, Youhong and H{\"{a}}ussler, Matthias and Tong, Hui and Dong, Yuping and Lam, Jacky W. Y. and Ren, Yan and Sung, Herman H. Y. and Wong, Kam S. and Gao, Ping and Williams, Ian D. and Kwok, Hoi Sing and Tang, Ben Zhong},
    number = {20},
    month = {5},
    pages = {10061--10066},
    volume = {109},
    url = {http://pubs.acs.org/doi/abs/10.1021/jp0503462},
    isbn = {1520-6106 (Print){\textbackslash}r1520-5207 (Linking)},
    doi = {10.1021/jp0503462},
    issn = {1520-6106},
    pmid = {16852217}
}

@article{Hattig2005,
    title = {{Structure Optimizations for Excited States with Correlated Second-Order Methods: CC2 and ADC(2)}},
    year = {2005},
    journal = {Adv. Quantum Chem.},
    author = {H{\"{a}}ttig, Christof},
    number = {2},
    pages = {37--60},
    volume = {50},
    isbn = {0120348500},
    doi = {10.1016/S0065-3276(05)50003-0},
    issn = {00653276}
}

@article{Yui2005,
    title = {{Structures, Electronic States, Photoluminescence, and Carrier Transport Properties of 1,1-Disubstituted 2,3,4,5-Tetraphenylsiloles}},
    year = {2005},
    journal = {J. Am. Chem. Soc.},
    author = {Yu, Gui and Yin, Shiwei and Liu, Yunqi and Chen, Jiangshan and Xu, Xinjun and Sun, Xiaobo and Ma, Dongge and Zhan, Xiaowei and Peng, Qian and Shuai, Zhigang and Tang, Benzhong and Zhu, Daoben and Fang, Weihai and Luo, Yi},
    number = {17},
    month = {5},
    pages = {6335--6346},
    volume = {127},
    url = {http://pubs.acs.org/doi/abs/10.1021/ja044628b},
    isbn = {0002-7863},
    doi = {10.1021/ja044628b},
    issn = {0002-7863},
    pmid = {15853340}
}

@article{Yui2005b,
    title = {{Structures, Electronic States, Photoluminescence, and Carrier Transport Properties of 1,1-Disubstituted 2,3,4,5-Tetraphenylsiloles}},
    year = {2005},
    journal = {J. Am. Chem. Soc.},
    author = {Yu, Gui and Yin, Shiwei and Liu, Yunqi and Chen, Jiangshan and Xu, Xinjun and Sun, Xiaobo and Ma, Dongge and Zhan, Xiaowei and Peng, Qian and Shuai, Zhigang and Tang, Benzhong and Zhu, Daoben and Fang, Weihai and Luo, Yi},
    number = {17},
    month = {5},
    pages = {6335--6346},
    volume = {127},
    url = {http://pubs.acs.org/doi/abs/10.1021/ja044628b},
    isbn = {0002-7863},
    doi = {10.1021/ja044628b},
    issn = {0002-7863},
    pmid = {15853340}
}

@article{Wang2009,
    title = {{Substituent and solvent effects on excited state intramolecular proton transfer in novel 2-(2′-hydroxyphenyl)benzothiazole derivatives}},
    year = {2009},
    journal = {J. Photochem. Photobiol., A.},
    author = {Wang, Renjie and Liu, Di and Xu, Kai and Li, Jiuyan},
    number = {1},
    month = {6},
    pages = {61--69},
    volume = {205},
    url = {http://linkinghub.elsevier.com/retrieve/pii/S1010603009001464},
    doi = {10.1016/j.jphotochem.2009.03.025},
    issn = {10106030},
    keywords = {2-(2???-Hydroxyphenyl)benzothiazole, Dual fluorescence, Excited state intramolecular proton transfer (ESIP, Hydrogen bond, Substituent effect}
}

@article{Plasser2014,
    title = {{Surface Hopping Dynamics with Correlated Single-Reference Methods: 9H-Adenine as a Case Study}},
    year = {2014},
    journal = {J. Chem. Theory Comput.},
    author = {Plasser, Felix and Crespo-Otero, Rachel and Pederzoli, Marek and Pittner, Jiri and Lischka, Hans and Barbatti, Mario},
    number = {4},
    pages = {1395--1405},
    volume = {10},
    url = {http://pubs.acs.org/doi/abs/10.1021/ct4011079},
    doi = {10.1021/ct4011079},
    issn = {1549-9618}
}

@article{Plasser2014b,
    title = {{Surface Hopping Dynamics with Correlated Single-Reference Methods: 9H-Adenine as a Case Study}},
    year = {2014},
    journal = {J. Chem. Theory Comput.},
    author = {Plasser, Felix and Crespo-Otero, Rachel and Pederzoli, Marek and Pittner, Jiri and Lischka, Hans and Barbatti, Mario},
    number = {4},
    pages = {1395--1405},
    volume = {10},
    url = {http://pubs.acs.org/doi/abs/10.1021/ct4011079},
    doi = {10.1021/ct4011079},
    issn = {1549-9618}
}

@incollection{Barbatti2015,
    title = {{Surface Hopping Dynamics with DFT Excited States}},
    year = {2016},
    booktitle = {Density-Functional Methods for Excited States},
    author = {Barbatti, Mario and Crespo-Otero, Rachel},
    editor = {Ferré, N., Filatov, M., Huix-Rotllant, M.},
    pages = {415--444},
    volume = {368},
    publisher = {Springer International Publishing: Cham},
    url = {http://link.springer.com/10.1007/128_2014_605},
    isbn = {9783319220819},
    doi = {10.1007/128{\_}2014{\_}605},
    issn = {1726670X},
    pmid = {25707617},
    arxivId = {http://cactus.nci.nih.gov/download/nci/},
    keywords = {Density functional theory, Excited states, Nonadiabatic dynamics, Photochemistry, Surface hopping}
}

@article{Chen2003,
    title = {{Synthesis, light emission, nanoaggregation, and restricted intramolecular rotation of 1,1-substituted 2,3,4,5-tetraphenylsiloles}},
    year = {2003},
    journal = {Chem. Mater.},
    author = {Chen, Junwu and Law, Charles C.W. and Lam, Jacky W.Y. and Dong, Yuping and Lo, Samuel M.F. and Williams, Ian D. and Zhu, Daoben and Tang, Ben Zhong},
    number = {7},
    pages = {1535--1546},
    volume = {15},
    isbn = {8522358737},
    doi = {10.1021/cm021715z},
    issn = {08974756}
}

@article{Stermitz1975,
    title = {{Sythensis and Photoreactions of Sorbophenones}},
    year = {1975},
    journal = {Tetrahedron},
    author = {Stermitz, F. R. and Adamovics, A. and Geigert, J.},
    number = {1593},
    pages = {1595},
    volume = {31}
}

@article{Tokumura1998,
    title = {{Temperature-dependent tautomer fluorescence spectra of 3 X , 4 X -benzo-2 X -hydroxychalcone : direct evidence for photoenolization followed by Z ™ E isomerization in the singlet manifold}},
    year = {1998},
    journal = {Chem. Phys. Lett.},
    author = {Tokumura, Kunihiro and Matsushima, Ryoka},
    pages = {516--524},
    volume = {295}
}

@article{Park2008,
    title = {{Tetraphenylimidazole-based excited-state intramolecular proton-transfer molecules for highly efficient blue electroluminescence}},
    year = {2008},
    journal = {Adv. Funct. Mater.},
    author = {Park, Sanghyuk and Seo, Jangwon and Kim, Se Hun and Park, Soo Young},
    number = {5},
    pages = {726--731},
    volume = {18},
    isbn = {1616-301X},
    doi = {10.1002/adfm.200700827},
    issn = {1616301X}
}

@misc{Case2005,
    title = {{The Amber biomolecular simulation programs}},
    year = {2005},
    booktitle = {J. Comput. Chem.},
    author = {Case, David A. and Cheatham, Thomas E. and Darden, Tom and Gohlke, Holger and Luo, Ray and Merz, Kenneth M. and Onufriev, Alexey and Simmerling, Carlos and Wang, Bing and Woods, Robert J.},
    isbn = {0192-8651 (Print){\textbackslash}r0192-8651 (Linking)},
    doi = {10.1002/anie.198403641},
    issn = {15213773},
    pmid = {16200636},
    arxivId = {NIHMS150003},
    keywords = {Amber, Biomolecular simulation programs}
}

@article{Stueber2001b,
    title = {{The calculation of13C chemical shielding tensors in ionic compounds utilizing point charge arrays obtained from Ewald lattice sums}},
    year = {2001},
    journal = {J. Chem. Phys.},
    author = {Stueber, D. and Guenneau, F. N. and Grant, D. M.},
    number = {21},
    pages = {9236--9243},
    volume = {114},
    doi = {10.1063/1.1356016},
    issn = {00219606}
}

@article{Stein2016a,
    title = {{The Delicate Balance of Static and Dynamic Electron Correlation}},
    year = {2016},
    journal = {J. Chem. Theory Comput.},
    author = {Stein, Christopher J. and Von Burg, Vera and Reiher, Markus},
    number = {8},
    pages = {3764--3773},
    volume = {12},
    doi = {10.1021/acs.jctc.6b00528},
    issn = {15499626},
    arxivId = {1605.07020}
}

@article{Hsu2009,
    title = {{The Electronic Couplings in Electron Transfer and Excitation Energy Transfer}},
    year = {2009},
    journal = {Acc. Chem. Res.},
    author = {Hsu, Chao-ping},
    number = {4},
    month = {4},
    pages = {509--518},
    volume = {42},
    url = {http://pubs.acs.org/doi/abs/10.1021/ar800153f},
    doi = {10.1021/ar800153f},
    issn = {0001-4842}
}

@article{Kasha1965a,
    title = {{The Exciton Model in Molecular Spectroscopy}},
    year = {1965},
    journal = {Pure Appl. Chem.},
    author = {Kasha, M and Rawls, H R and Ashraf El-Bayoumi, M},
    number = {3-4},
    pages = {371--392},
    volume = {11}
}

@article{Hall1951,
    title = {{The Molecular Orbital Theory of Chemical Valency. VIII. A Method of Calculating Ionization Potentials}},
    year = {1951},
    journal = {Proc. R. Soc. Lond. A Math. Phys. Sci.},
    author = {Hall, G G},
    number = {1083},
    pages = {541--552},
    volume = {205},
    publisher = {The Royal Society},
    url = {http://www.jstor.org/stable/98703},
    issn = {00804630}
}

@article{FINLEY1998299,
    title = {{The multi-state CASPT2 method}},
    year = {1998},
    journal = {Chem. Phys. Lett.},
    author = {Finley, James and Malmqvist, Per-Åke and Roos, Björn O and Serrano-Andr{\'{e}}s, Luis},
    number = {2},
    pages = {299--306},
    volume = {288},
    url = {http://www.sciencedirect.com/science/article/pii/S0009261498002528},
    doi = {https://doi.org/10.1016/S0009-2614(98)00252-8},
    issn = {0009-2614}
}

@article{Barbatti2007,
    title = {{The on-the-fly surface-hopping program system Newton-X: Application to ab initio simulation of the nonadiabatic photodynamics of benchmark systems}},
    year = {2007},
    journal = {J. Photochem. Photobiol., A.},
    author = {Barbatti, Mario and Granucci, Giovanni and Persico, Maurizio and Ruckenbauer, Matthias and Vazdar, Mario and Eckert-Maksi{\'{c}}, Mirjana and Lischka, Hans},
    number = {2-3},
    pages = {228--240},
    volume = {190},
    isbn = {1010-6030},
    doi = {10.1016/j.jphotochem.2006.12.008},
    issn = {10106030},
    keywords = {Ab initio dynamics, Excited state dynamics, Nonadiabatic phenomena, On-the-fly surface-hopping dynamics, Ultrafast photochemistry}
}

@article{Chung2015a,
    title = {{The ONIOM Method and Its Applications}},
    year = {2015},
    journal = {Chem. Rev.},
    author = {Chung, Lung Wa and Sameera, W. M C and Ramozzi, Romain and Page, Alister J. and Hatanaka, Miho and Petrova, Galina P. and Harris, Travis V. and Li, Xin and Ke, Zhuofeng and Liu, Fengyi and Li, Hai Bei and Ding, Lina and Morokuma, Keiji},
    number = {12},
    pages = {5678--5796},
    volume = {115},
    isbn = {1520-6890 (Electronic){\textbackslash}r0009-2665 (Linking)},
    doi = {10.1021/cr5004419},
    issn = {15206890},
    pmid = {25853797}
}

@article{Chung2015ab,
    title = {{The ONIOM Method and Its Applications}},
    year = {2015},
    journal = {Chem. Rev.},
    author = {Chung, Lung Wa and Sameera, W. M C and Ramozzi, Romain and Page, Alister J. and Hatanaka, Miho and Petrova, Galina P. and Harris, Travis V. and Li, Xin and Ke, Zhuofeng and Liu, Fengyi and Li, Hai Bei and Ding, Lina and Morokuma, Keiji},
    number = {12},
    pages = {5678--5796},
    volume = {115},
    isbn = {1520-6890 (Electronic){\textbackslash}r0009-2665 (Linking)},
    doi = {10.1021/cr5004419},
    issn = {15206890},
    pmid = {25853797}
}

@article{Kaneda2004,
    title = {{The photoinduced hydrogen atom transfer and trans-cis isomerization of the C=C double bond in 1-(1-hydroxy-2-naphthyl)-3-(1-naphthyl)-2-propen-1-one and related compounds studied using nanosecond time-resolved infrared spectroscopy}},
    year = {2004},
    journal = {Bull. Chem. Soc. Jpn.},
    author = {Kaneda, Kaoru and Sato, Shin and Hamaguchi, Hiro O. and Arai, Tatsuo},
    number = {8},
    pages = {1529--1535},
    volume = {77},
    doi = {10.1246/bcsj.77.1529},
    issn = {00092673}
}

@article{Chou1984,
    title = {{The proton-transfer laser. Gain spectrum and amplification of spontaneous emission of 3-hydroxyflavone}},
    year = {1984},
    journal = {J. Phys. Chem.},
    author = {Chou, P. and McMorrow, D. and Aartsma, T. J. and Kasha, M.},
    number = {20},
    pages = {4596--4599},
    volume = {88},
    isbn = {0022-3654},
    doi = {10.1021/j150664a032},
    issn = {00223654}
}

@article{Christiansen1995,
    title = {{The second-order approximate coupled cluster singles and doubles model CC2}},
    year = {1995},
    journal = {Chem. Phys. Lett.},
    author = {Christiansen, Ove and Koch, Henrick and Jorgensen, Poal},
    pages = {409--418},
    volume = {243}
}

@article{Lefrancois2017,
    title = {{The Spin-Flip Variant of the Algebraic-Diagrammatic Construction Yields the Correct Topology of S1/S0Conical Intersections}},
    year = {2017},
    journal = {J. Chem. Theory Comput.},
    author = {Lefrancois, Daniel and Tuna, Deniz and Mart{\'{i}}nez, Todd J. and Dreuw, Andreas},
    number = {9},
    pages = {4436--4441},
    volume = {13},
    doi = {10.1021/acs.jctc.7b00634},
    issn = {15499626}
}

@article{Slater1929,
    title = {{The theory of complex spectra}},
    year = {1929},
    journal = {Phys. Rev.},
    author = {Slater, J. C.},
    number = {10},
    pages = {1293--1322},
    volume = {34},
    isbn = {0198551290},
    doi = {10.1103/PhysRev.34.1293},
    issn = {0031899X},
    pmid = {1077},
    arxivId = {PhysRev.34.1293}
}

@article{hartree_1928,
    title = {{The Wave Mechanics of an Atom with a non-Coulomb Central Field. Part III. Term Values and Intensities in Series in Optical Spectra}},
    year = {1928},
    journal = {Math. Proc. Cambridge Philos. Soc.,},
    author = {Hartree, D R},
    number = {3},
    pages = {426–437},
    volume = {24},
    publisher = {Cambridge University Press},
    doi = {10.1017/S0305004100015954}
}

@article{Li2017e,
    title = {{Theoretical Investigations on the Roles of Intramolecular Structure Distortion versus Irregular Intermolecular Packing in Optical Spectra of 6T Nanoparticles}},
    year = {2017},
    journal = {Chem. Mater.},
    author = {Li, Wenqiang and Peng, Qian and Ma, Huili and Wen, Jin and Ma, Jing and Peteanu, Linda A. and Shuai, Zhigang},
    number = {6},
    pages = {2513--2520},
    volume = {29},
    doi = {10.1021/acs.chemmater.6b04210},
    issn = {15205002}
}

@article{Lin2017,
    title = {{Theoretical perspective of the excited state intramolecular proton transfer for a compound with aggregation induced emission in the solid phase}},
    year = {2017},
    journal = {RSC Adv.},
    author = {Lin, Lili and Fan, Jianzhong and Cai, Lei and Wang, Chuan-Kui},
    number = {70},
    pages = {44089--44096},
    volume = {7},
    publisher = {Royal Society of Chemistry},
    url = {http://xlink.rsc.org/?DOI=C7RA06934K},
    doi = {10.1039/C7RA06934K},
    issn = {2046-2069}
}

@article{Kimura2000,
    title = {{Theory of Excitation Energy Transfer in the Intermediate Coupling Case. II. Criterion for Intermediate Coupling Excitation Energy Transfer Mechanism and Application to the Photosynthetic Antenna System}},
    year = {2000},
    journal = {J. Phys. Chem. B},
    author = {Kimura, Akihiro and Kakitani, Toshiaki and Yamato, Takahisa},
    number = {39},
    pages = {9276--9287},
    volume = {104},
    url = {http://dx.doi.org/10.1021/jp000589o},
    isbn = {1089-5647},
    doi = {10.1021/jp000589o},
    issn = {1520-6106}
}

@article{Niu2010,
    title = {{Theory of Excited State Decays and Optical Spectra : Application to Polyatomic Molecules}},
    year = {2010},
    journal = {J. Phys. Chem. A},
    author = {Niu, Yingli and Peng, Qian and Deng, Chunmei and Gao, Xing and Shuai, Zhigang},
    number = {30},
    pages = {7817--7831},
    volume = {114}
}

@article{Niu2010b,
    title = {{Theory of Excited State Decays and Optical Spectra : Application to Polyatomic Molecules}},
    year = {2010},
    journal = {J. Phys. Chem. A},
    author = {Niu, Yingli and Peng, Qian and Deng, Chunmei and Gao, Xing and Shuai, Zhigang},
    number = {30},
    pages = {7817--7831},
    volume = {114}
}

@book{Ullrich2012,
    title = {{Time-Dependent Density-Functional Theory: Concepts and Applications}},
    year = {2012},
    author = {Ullrich, C.A.},
    publisher = {Oxford University Press},
    address = {New York}
}

@article{Peng2007,
    title = {{Toward quantitative prediction of molecular fluorescence quantum efficiency: Role of Duschinsky rotation}},
    year = {2007},
    journal = {J. Am. Chem. Soc.},
    author = {Peng, Qian and Yi, Yuanping and Shuai, Zhigang and Shao, Jiushu},
    number = {30},
    pages = {9333--9339},
    volume = {129},
    isbn = {0002-7863},
    doi = {10.1021/ja067946e},
    issn = {00027863},
    pmid = {17622142}
}

@article{Hattig2002,
    title = {{Transition moments and excited-state first-order properties in the coupled-cluster model CC2 using the resolution-of-the-identity approximation}},
    year = {2002},
    journal = {J. Chem. Phys.},
    author = {H{\"{a}}ttig, Christof and K{\"{o}}hn, Andreas},
    number = {15},
    pages = {6939--6951},
    volume = {117},
    isbn = {0021-9606},
    doi = {10.1063/1.1506918},
    issn = {00219606}
}

@article{Al-Soufi1990,
    title = {{Triplet state formation and cis → trans isomerization in the excited singlet state of the keto tautomer of 2-(2′-hydroxyphenyl)benzothiazole}},
    year = {1990},
    journal = {Chem. Phys. Lett.},
    author = {Al-Soufi, Wajih and Grellmann, Karl H. and Nickel, Bernhard},
    number = {6},
    month = {11},
    pages = {609--616},
    volume = {174},
    url = {http://www.sciencedirect.com/science/article/pii/000926149085495X http://linkinghub.elsevier.com/retrieve/pii/000926149085495X},
    doi = {10.1016/0009-2614(90)85495-X},
    issn = {00092614}
}

@article{Zhu2018,
    title = {{Tuning electrical properties of phenanthroimidazole derivatives to construct multifunctional deep-blue electroluminescent materials}},
    year = {2018},
    journal = {J. Mater. Chem. C},
    author = {Zhu, Ze-Lin and Ni, Shao-Fei and Chen, Wen-Cheng and Chen, Miao and Zhu, Jie-Ji and Yuan, Yi and Tong, Qing-Xiao and Wong, Fu-Lung and Lee, Chun-Sing},
    number = {14},
    pages = {3584--3592},
    volume = {6},
    publisher = {Royal Society of Chemistry},
    url = {http://xlink.rsc.org/?DOI=C7TC04972B},
    doi = {10.1039/C7TC04972B},
    issn = {2050-7526}
}

@article{Azarias2016,
    title = {{Tuning ESIPT fluorophores into dual emitters}},
    year = {2016},
    journal = {Chem. Sci.},
    author = {Azarias, Cloé and Budz{\'{a}}k, Šimon and Laurent, Adèle D. and Ulrich, Gilles and Jacquemin, Denis},
    number = {6},
    pages = {3763--3774},
    volume = {7},
    url = {http://xlink.rsc.org/?DOI=C5SC04826E},
    isbn = {1842-6573},
    doi = {10.1039/C5SC04826E},
    issn = {2041-6520},
    pmid = {24173598},
    arxivId = {{\_}barata Materials and Techniques of polychrome wooden sculpture}
}

@article{Lin2017a,
    title = {{Tuning excited-state-intramolecular-proton-transfer (ESIPT) process and emission by cocrystal formation: a combined experimental and theoretical study}},
    year = {2017},
    journal = {Chem. Sci.},
    author = {Lin, Heyang and Chang, Xueping and Yan, Dongpeng and Fang, Wei Hai and Cui, Ganglong},
    number = {3},
    pages = {2086--2090},
    volume = {8},
    publisher = {Royal Society of Chemistry},
    isbn = {1842-6573},
    doi = {10.1039/c6sc04354b},
    issn = {20416539},
    pmid = {24173598},
    arxivId = {{\_}barata Materials and Techniques of polychrome wooden sculpture}
}

@article{Li2017d,
    title = {{Tuning the organic microcrystal laser wavelength of ESIPT-active compounds: Via controlling the excited enol∗ and keto∗ emissions}},
    year = {2017},
    journal = {J. Mater. Chem. C},
    author = {Li, Jinbiao and Wu, Yishi and Xu, Zhenzhen and Liao, Qing and Zhang, Haihua and Zhang, Yi and Xiao, Lu and Yao, Jiannian and Fu, Hongbing},
    number = {46},
    pages = {12235--12240},
    volume = {5},
    publisher = {Royal Society of Chemistry},
    doi = {10.1039/c7tc04207h},
    issn = {20507526}
}

@article{Chen2000,
    title = {{Tuning the Properties of Conjugated Polyelectrolytes through Surfactant Complexation}},
    year = {2000},
    journal = {J. Am. Chem. Soc.},
    author = {Chen, Liaohai and Xu, Su and McBranch, Duncan and Whitten, David},
    number = {38},
    month = {9},
    pages = {9302--9303},
    volume = {122},
    url = {http://pubs.acs.org/doi/abs/10.1021/ja001248r},
    doi = {10.1021/ja001248r},
    issn = {0002-7863}
}

@misc{Turbomole,
    title = {{TURBOMOLE V7.0 2015, a development of University of Karlsruhe and Forschungszentrum Karlsruhe GmbH, 1989-2007, TURBOMOLE GmbH, since 2007; available from http://www.turbomole.com}}
}

@article{Weller1955,
    title = {{{\"{U}}ber die Fluoreszenz der Salizyls{\"{a}}ure und verwandter Verbindungen}},
    year = {1955},
    journal = {Naturwissenschaften},
    author = {Weller, A.},
    pages = {175--176},
    volume = {42}
}

@article{Rappe1992,
    title = {{UFF, a Full Periodic Table Force Field for Molecular Mechanics and Molecular Dynamics Simulations}},
    year = {1992},
    journal = {J. Am. Chem. Soc.},
    author = {Rapp{\'{e}}, A.K. K and Casewit, C.J. J and Colwell, K.S. S and Goddard III, W.A. and Skiff, W.M.},
    number = {25},
    pages = {10024--10035},
    volume = {114},
    isbn = {0002-7863},
    doi = {10.1021/ja00051a040},
    issn = {0002-7863},
    pmid = {26580059}
}

@article{Barbatti2009,
    title = {{Ultrafast internal conversion pathway and mechanism in 2-(2'-hydroxyphenyl)benzothiazole: a case study for excited-state intramolecular proton transfer systems.}},
    year = {2009},
    journal = {Phys. Chem. Chem. Phys.},
    author = {Barbatti, Mario and Aquino, Adélia J a and Lischka, Hans and Schriever, Christian and Lochbrunner, Stefan and Riedle, Eberhard},
    number = {9},
    pages = {1406--1415},
    volume = {11},
    doi = {10.1039/b814255f},
    issn = {1463-9076},
    pmid = {19224042}
}

@article{Presti2017a,
    title = {{Understanding Aggregation-Induced Emission in Molecular Crystals: Insights from Theory}},
    year = {2017},
    journal = {J. Phys. Chem. C},
    author = {Presti, Davide and Wilbraham, Liam and Targa, Cecilia and Labat, Frédéric and Pedone, Alfonso and Menziani, Maria Cristina and Ciofini, Ilaria and Adamo, Carlo},
    number = {10},
    pages = {5747--5752},
    volume = {121},
    doi = {10.1021/acs.jpcc.7b00488},
    issn = {19327455}
}

@article{Li2017b,
    title = {{Understanding the polymorphism-dependent emission properties of molecular crystals using a refined QM/MM approach}},
    year = {2017},
    journal = {Phys. Chem. Chem. Phys.},
    author = {Li, Yunzhi and Wang, Guoqiang and Li, Wei and Wang, Yue and Li, Shuhua},
    number = {27},
    pages = {17516--17520},
    volume = {19},
    publisher = {Royal Society of Chemistry},
    url = {http://xlink.rsc.org/?DOI=C7CP03584E},
    doi = {10.1039/C7CP03584E},
    issn = {1463-9076}
}

@article{Li2017c,
    title = {{Unexpected Sole Enol-Form Emission of 2-(2′-Hydroxyphenyl)oxazoles for Highly Efficient Deep-Blue-Emitting Organic Electroluminescent Devices}},
    year = {2017},
    journal = {Adv. Funct. Mater.},
    author = {Li, Bijin and Tang, Guoqiang and Zhou, Linsen and Wu, Di and Lan, Jingbo and Zhou, Liang and Lu, Zhiyun and You, Jingsong},
    number = {16},
    month = {4},
    pages = {1605245},
    volume = {27},
    url = {http://doi.wiley.com/10.1002/adfm.201701181},
    doi = {10.1002/adfm.201701181},
    issn = {1616301X}
}

@article{Zheng2016,
    title = {{Unraveling the aggregation effect on amorphous phase AIE luminogens: a computational study}},
    year = {2016},
    journal = {Nanoscale},
    author = {Zheng, Xiaoyan and Peng, Qian and Zhu, Lizhe and Xie, Yujun and Huang, Xuhui and Shuai, Zhigang},
    number = {33},
    pages = {15173--15180},
    volume = {8},
    publisher = {Royal Society of Chemistry},
    url = {http://xlink.rsc.org/?DOI=C6NR03599J},
    doi = {10.1039/C6NR03599J},
    issn = {2040-3364}
}

@article{Zhang2016,
    title = {{Using the isotope effect to probe an aggregation induced emission mechanism: theoretical prediction and experimental validation}},
    year = {2016},
    journal = {Chem. Sci.},
    author = {Zhang, Tian and Peng, Qian and Quan, Changyun and Nie, Han and Niu, Yingli and Xie, Yujun and Zhao, Zujin and Tang, Ben Zhong and Shuai, Zhigang},
    pages = {5573--5580},
    volume = {7},
    publisher = {Royal Society of Chemistry},
    url = {http://xlink.rsc.org/?DOI=C6SC00839A},
    doi = {10.1039/C6SC00839A},
    issn = {2041-6520}
}

@article{Serdiuk2017,
    title = {{White Light from a Single Fluorophore: A Strategy Utilizing Excited-State Intramolecular Proton-Transfer Phenomenon and Its Verification}},
    year = {2017},
    journal = {J. Phys. Chem. C},
    author = {Serdiuk, Illia E.},
    number = {9},
    pages = {5277--5286},
    volume = {121},
    doi = {10.1021/acs.jpcc.7b00137},
    issn = {19327455}
}

@article{Born1927,
    title = {{Zur Quantentheorie der Molekeln}},
    year = {1927},
    journal = {Ann. Phys.},
    author = {Born, M. and Oppenheimer, R.},
    number = {20},
    pages = {457--484},
    volume = {389},
    isbn = {1432-881X},
    doi = {10.1002/andp.19273892002},
    issn = {15213889},
    pmid = {23249081},
    arxivId = {1206.4239}
}